%YAML 1.1
%TAG !u! tag:unity3d.com,2011:
--- !u!29 &1
OcclusionCullingSettings:
  m_ObjectHideFlags: 0
  serializedVersion: 2
  m_OcclusionBakeSettings:
    smallestOccluder: 5
    smallestHole: 0.25
    backfaceThreshold: 100
  m_SceneGUID: 00000000000000000000000000000000
  m_OcclusionCullingData: {fileID: 0}
--- !u!104 &2
RenderSettings:
  m_ObjectHideFlags: 0
  serializedVersion: 9
  m_Fog: 0
  m_FogColor: {r: 0.5, g: 0.5, b: 0.5, a: 1}
  m_FogMode: 3
  m_FogDensity: 0.01
  m_LinearFogStart: 0
  m_LinearFogEnd: 300
  m_AmbientSkyColor: {r: 0.212, g: 0.227, b: 0.259, a: 1}
  m_AmbientEquatorColor: {r: 0.114, g: 0.125, b: 0.133, a: 1}
  m_AmbientGroundColor: {r: 0.047, g: 0.043, b: 0.035, a: 1}
  m_AmbientIntensity: 1
  m_AmbientMode: 3
  m_SubtractiveShadowColor: {r: 0.42, g: 0.478, b: 0.627, a: 1}
  m_SkyboxMaterial: {fileID: 0}
  m_HaloStrength: 0.5
  m_FlareStrength: 1
  m_FlareFadeSpeed: 3
  m_HaloTexture: {fileID: 0}
  m_SpotCookie: {fileID: 10001, guid: 0000000000000000e000000000000000, type: 0}
  m_DefaultReflectionMode: 0
  m_DefaultReflectionResolution: 128
  m_ReflectionBounces: 1
  m_ReflectionIntensity: 1
  m_CustomReflection: {fileID: 0}
  m_Sun: {fileID: 0}
  m_IndirectSpecularColor: {r: 0, g: 0, b: 0, a: 1}
  m_UseRadianceAmbientProbe: 0
--- !u!157 &3
LightmapSettings:
  m_ObjectHideFlags: 0
  serializedVersion: 11
  m_GIWorkflowMode: 1
  m_GISettings:
    serializedVersion: 2
    m_BounceScale: 1
    m_IndirectOutputScale: 1
    m_AlbedoBoost: 1
    m_EnvironmentLightingMode: 0
    m_EnableBakedLightmaps: 0
    m_EnableRealtimeLightmaps: 0
  m_LightmapEditorSettings:
    serializedVersion: 12
    m_Resolution: 2
    m_BakeResolution: 40
    m_AtlasSize: 1024
    m_AO: 0
    m_AOMaxDistance: 1
    m_CompAOExponent: 1
    m_CompAOExponentDirect: 0
    m_ExtractAmbientOcclusion: 0
    m_Padding: 2
    m_LightmapParameters: {fileID: 0}
    m_LightmapsBakeMode: 1
    m_TextureCompression: 1
    m_FinalGather: 0
    m_FinalGatherFiltering: 1
    m_FinalGatherRayCount: 256
    m_ReflectionCompression: 2
    m_MixedBakeMode: 2
    m_BakeBackend: 1
    m_PVRSampling: 1
    m_PVRDirectSampleCount: 32
    m_PVRSampleCount: 512
    m_PVRBounces: 2
    m_PVREnvironmentSampleCount: 256
    m_PVREnvironmentReferencePointCount: 2048
    m_PVRFilteringMode: 1
    m_PVRDenoiserTypeDirect: 1
    m_PVRDenoiserTypeIndirect: 1
    m_PVRDenoiserTypeAO: 1
    m_PVRFilterTypeDirect: 0
    m_PVRFilterTypeIndirect: 0
    m_PVRFilterTypeAO: 0
    m_PVREnvironmentMIS: 1
    m_PVRCulling: 1
    m_PVRFilteringGaussRadiusDirect: 1
    m_PVRFilteringGaussRadiusIndirect: 5
    m_PVRFilteringGaussRadiusAO: 2
    m_PVRFilteringAtrousPositionSigmaDirect: 0.5
    m_PVRFilteringAtrousPositionSigmaIndirect: 2
    m_PVRFilteringAtrousPositionSigmaAO: 1
    m_ExportTrainingData: 0
    m_TrainingDataDestination: TrainingData
  m_LightingDataAsset: {fileID: 0}
  m_UseShadowmask: 1
--- !u!196 &4
NavMeshSettings:
  serializedVersion: 2
  m_ObjectHideFlags: 0
  m_BuildSettings:
    serializedVersion: 2
    agentTypeID: 0
    agentRadius: 0.5
    agentHeight: 2
    agentSlope: 45
    agentClimb: 0.4
    ledgeDropHeight: 0
    maxJumpAcrossDistance: 0
    minRegionArea: 2
    manualCellSize: 0
    cellSize: 0.16666667
    manualTileSize: 0
    tileSize: 256
    accuratePlacement: 0
    debug:
      m_Flags: 0
  m_NavMeshData: {fileID: 0}
--- !u!1001 &37091259
PrefabInstance:
  m_ObjectHideFlags: 0
  serializedVersion: 2
  m_Modification:
    m_TransformParent: {fileID: 0}
    m_Modifications:
    - target: {fileID: 4802762471521359716, guid: 7db5df732f38aec47b9d30c5441bc197,
        type: 3}
      propertyPath: m_Name
      value: SoundManager
      objectReference: {fileID: 0}
    - target: {fileID: 4802762471521359719, guid: 7db5df732f38aec47b9d30c5441bc197,
        type: 3}
      propertyPath: m_LocalPosition.x
      value: -3.6965594
      objectReference: {fileID: 0}
    - target: {fileID: 4802762471521359719, guid: 7db5df732f38aec47b9d30c5441bc197,
        type: 3}
      propertyPath: m_LocalPosition.y
      value: -1.6402009
      objectReference: {fileID: 0}
    - target: {fileID: 4802762471521359719, guid: 7db5df732f38aec47b9d30c5441bc197,
        type: 3}
      propertyPath: m_LocalPosition.z
      value: -15.902344
      objectReference: {fileID: 0}
    - target: {fileID: 4802762471521359719, guid: 7db5df732f38aec47b9d30c5441bc197,
        type: 3}
      propertyPath: m_LocalRotation.x
      value: 0
      objectReference: {fileID: 0}
    - target: {fileID: 4802762471521359719, guid: 7db5df732f38aec47b9d30c5441bc197,
        type: 3}
      propertyPath: m_LocalRotation.y
      value: 0
      objectReference: {fileID: 0}
    - target: {fileID: 4802762471521359719, guid: 7db5df732f38aec47b9d30c5441bc197,
        type: 3}
      propertyPath: m_LocalRotation.z
      value: 0
      objectReference: {fileID: 0}
    - target: {fileID: 4802762471521359719, guid: 7db5df732f38aec47b9d30c5441bc197,
        type: 3}
      propertyPath: m_LocalRotation.w
      value: 1
      objectReference: {fileID: 0}
    - target: {fileID: 4802762471521359719, guid: 7db5df732f38aec47b9d30c5441bc197,
        type: 3}
      propertyPath: m_RootOrder
      value: 2
      objectReference: {fileID: 0}
    - target: {fileID: 4802762471521359719, guid: 7db5df732f38aec47b9d30c5441bc197,
        type: 3}
      propertyPath: m_LocalEulerAnglesHint.x
      value: 0
      objectReference: {fileID: 0}
    - target: {fileID: 4802762471521359719, guid: 7db5df732f38aec47b9d30c5441bc197,
        type: 3}
      propertyPath: m_LocalEulerAnglesHint.y
      value: 0
      objectReference: {fileID: 0}
    - target: {fileID: 4802762471521359719, guid: 7db5df732f38aec47b9d30c5441bc197,
        type: 3}
      propertyPath: m_LocalEulerAnglesHint.z
      value: 0
      objectReference: {fileID: 0}
    - target: {fileID: 4802762471521359718, guid: 7db5df732f38aec47b9d30c5441bc197,
        type: 3}
      propertyPath: m_Volume
      value: 0.8
      objectReference: {fileID: 0}
    - target: {fileID: 4802762471521359718, guid: 7db5df732f38aec47b9d30c5441bc197,
        type: 3}
      propertyPath: reverbZoneMixCustomCurve.m_Curve.Array.data[0].value
      value: 1.05
      objectReference: {fileID: 0}
    - target: {fileID: 700241097, guid: 7db5df732f38aec47b9d30c5441bc197, type: 3}
      propertyPath: reverbZoneMixCustomCurve.m_Curve.Array.data[0].value
      value: 1.05
      objectReference: {fileID: 0}
    m_RemovedComponents: []
  m_SourcePrefab: {fileID: 100100000, guid: 7db5df732f38aec47b9d30c5441bc197, type: 3}
--- !u!1 &56036722 stripped
GameObject:
  m_CorrespondingSourceObject: {fileID: 1839937655, guid: 8af8f344865abbb4c85abeb2e1c523fc,
    type: 3}
  m_PrefabInstance: {fileID: 1634850550}
  m_PrefabAsset: {fileID: 0}
--- !u!1001 &121357962
PrefabInstance:
  m_ObjectHideFlags: 0
  serializedVersion: 2
  m_Modification:
    m_TransformParent: {fileID: 0}
    m_Modifications:
    - target: {fileID: 4087724467502028932, guid: f857bd9eebcc87140848263de8b02355,
        type: 3}
      propertyPath: m_Name
      value: Cam_01_Bedroom
      objectReference: {fileID: 0}
    - target: {fileID: 4087724467502028939, guid: f857bd9eebcc87140848263de8b02355,
        type: 3}
      propertyPath: m_LocalPosition.x
      value: 7.8716984
      objectReference: {fileID: 0}
    - target: {fileID: 4087724467502028939, guid: f857bd9eebcc87140848263de8b02355,
        type: 3}
      propertyPath: m_LocalPosition.y
      value: 0.71299857
      objectReference: {fileID: 0}
    - target: {fileID: 4087724467502028939, guid: f857bd9eebcc87140848263de8b02355,
        type: 3}
      propertyPath: m_LocalPosition.z
      value: -22.189453
      objectReference: {fileID: 0}
    - target: {fileID: 4087724467502028939, guid: f857bd9eebcc87140848263de8b02355,
        type: 3}
      propertyPath: m_LocalRotation.x
      value: 0
      objectReference: {fileID: 0}
    - target: {fileID: 4087724467502028939, guid: f857bd9eebcc87140848263de8b02355,
        type: 3}
      propertyPath: m_LocalRotation.y
      value: 0
      objectReference: {fileID: 0}
    - target: {fileID: 4087724467502028939, guid: f857bd9eebcc87140848263de8b02355,
        type: 3}
      propertyPath: m_LocalRotation.z
      value: 0
      objectReference: {fileID: 0}
    - target: {fileID: 4087724467502028939, guid: f857bd9eebcc87140848263de8b02355,
        type: 3}
      propertyPath: m_LocalRotation.w
      value: 1
      objectReference: {fileID: 0}
    - target: {fileID: 4087724467502028939, guid: f857bd9eebcc87140848263de8b02355,
        type: 3}
      propertyPath: m_RootOrder
      value: 8
      objectReference: {fileID: 0}
    - target: {fileID: 4087724467502028939, guid: f857bd9eebcc87140848263de8b02355,
        type: 3}
      propertyPath: m_LocalEulerAnglesHint.x
      value: 0
      objectReference: {fileID: 0}
    - target: {fileID: 4087724467502028939, guid: f857bd9eebcc87140848263de8b02355,
        type: 3}
      propertyPath: m_LocalEulerAnglesHint.y
      value: 0
      objectReference: {fileID: 0}
    - target: {fileID: 4087724467502028939, guid: f857bd9eebcc87140848263de8b02355,
        type: 3}
      propertyPath: m_LocalEulerAnglesHint.z
      value: 0
      objectReference: {fileID: 0}
    - target: {fileID: 4087724466636232848, guid: f857bd9eebcc87140848263de8b02355,
        type: 3}
      propertyPath: m_LocalPosition.x
      value: 64.1132
      objectReference: {fileID: 0}
    - target: {fileID: 4087724466636232848, guid: f857bd9eebcc87140848263de8b02355,
        type: 3}
      propertyPath: m_LocalPosition.y
      value: -5.8029985
      objectReference: {fileID: 0}
    - target: {fileID: 4087724466636232849, guid: f857bd9eebcc87140848263de8b02355,
        type: 3}
      propertyPath: orthographic size
      value: 4
      objectReference: {fileID: 0}
    - target: {fileID: 4087724466062950067, guid: f857bd9eebcc87140848263de8b02355,
        type: 3}
      propertyPath: m_Priority
      value: 41
      objectReference: {fileID: 0}
    - target: {fileID: 4087724466062950067, guid: f857bd9eebcc87140848263de8b02355,
        type: 3}
      propertyPath: m_Follow
      value: 
      objectReference: {fileID: 769902565}
    m_RemovedComponents:
    - {fileID: 4087724466636232850, guid: f857bd9eebcc87140848263de8b02355, type: 3}
  m_SourcePrefab: {fileID: 100100000, guid: f857bd9eebcc87140848263de8b02355, type: 3}
--- !u!1 &164869020
GameObject:
  m_ObjectHideFlags: 0
  m_CorrespondingSourceObject: {fileID: 0}
  m_PrefabInstance: {fileID: 0}
  m_PrefabAsset: {fileID: 0}
  serializedVersion: 6
  m_Component:
  - component: {fileID: 164869021}
  m_Layer: 0
  m_Name: Cameras
  m_TagString: Untagged
  m_Icon: {fileID: 0}
  m_NavMeshLayer: 0
  m_StaticEditorFlags: 0
  m_IsActive: 1
--- !u!4 &164869021
Transform:
  m_ObjectHideFlags: 0
  m_CorrespondingSourceObject: {fileID: 0}
  m_PrefabInstance: {fileID: 0}
  m_PrefabAsset: {fileID: 0}
  m_GameObject: {fileID: 164869020}
  m_LocalRotation: {x: 0, y: 0, z: 0, w: 1}
  m_LocalPosition: {x: 17.17307, y: -7.4164166, z: -177.57541}
  m_LocalScale: {x: 1, y: 1, z: 1}
  m_Children:
  - {fileID: 370634659}
  - {fileID: 2048339341}
  - {fileID: 626599424}
  m_Father: {fileID: 0}
  m_RootOrder: 1
  m_LocalEulerAnglesHint: {x: 0, y: 0, z: 0}
--- !u!1001 &245358640
PrefabInstance:
  m_ObjectHideFlags: 0
  serializedVersion: 2
  m_Modification:
    m_TransformParent: {fileID: 0}
    m_Modifications:
    - target: {fileID: 516468344282013788, guid: b54452c530054904c974b47324f756ef,
        type: 3}
      propertyPath: m_Name
      value: UI_Transition
      objectReference: {fileID: 0}
    - target: {fileID: 5552503211865550294, guid: b54452c530054904c974b47324f756ef,
        type: 3}
      propertyPath: m_LocalPosition.x
      value: 0
      objectReference: {fileID: 0}
    - target: {fileID: 5552503211865550294, guid: b54452c530054904c974b47324f756ef,
        type: 3}
      propertyPath: m_LocalPosition.y
      value: 0
      objectReference: {fileID: 0}
    - target: {fileID: 5552503211865550294, guid: b54452c530054904c974b47324f756ef,
        type: 3}
      propertyPath: m_LocalPosition.z
      value: 0
      objectReference: {fileID: 0}
    - target: {fileID: 5552503211865550294, guid: b54452c530054904c974b47324f756ef,
        type: 3}
      propertyPath: m_LocalRotation.x
      value: 0
      objectReference: {fileID: 0}
    - target: {fileID: 5552503211865550294, guid: b54452c530054904c974b47324f756ef,
        type: 3}
      propertyPath: m_LocalRotation.y
      value: 0
      objectReference: {fileID: 0}
    - target: {fileID: 5552503211865550294, guid: b54452c530054904c974b47324f756ef,
        type: 3}
      propertyPath: m_LocalRotation.z
      value: 0
      objectReference: {fileID: 0}
    - target: {fileID: 5552503211865550294, guid: b54452c530054904c974b47324f756ef,
        type: 3}
      propertyPath: m_LocalRotation.w
      value: 1
      objectReference: {fileID: 0}
    - target: {fileID: 5552503211865550294, guid: b54452c530054904c974b47324f756ef,
        type: 3}
      propertyPath: m_RootOrder
      value: 5
      objectReference: {fileID: 0}
    - target: {fileID: 5552503211865550294, guid: b54452c530054904c974b47324f756ef,
        type: 3}
      propertyPath: m_LocalEulerAnglesHint.x
      value: 0
      objectReference: {fileID: 0}
    - target: {fileID: 5552503211865550294, guid: b54452c530054904c974b47324f756ef,
        type: 3}
      propertyPath: m_LocalEulerAnglesHint.y
      value: 0
      objectReference: {fileID: 0}
    - target: {fileID: 5552503211865550294, guid: b54452c530054904c974b47324f756ef,
        type: 3}
      propertyPath: m_LocalEulerAnglesHint.z
      value: 0
      objectReference: {fileID: 0}
    - target: {fileID: 3959941972960184328, guid: b54452c530054904c974b47324f756ef,
        type: 3}
      propertyPath: m_UiScaleMode
      value: 1
      objectReference: {fileID: 0}
    - target: {fileID: 163709279293037178, guid: b54452c530054904c974b47324f756ef,
        type: 3}
      propertyPath: m_UiScaleMode
      value: 0
      objectReference: {fileID: 0}
    - target: {fileID: 163709279293037178, guid: b54452c530054904c974b47324f756ef,
        type: 3}
      propertyPath: m_ScaleFactor
      value: 1
      objectReference: {fileID: 0}
    - target: {fileID: 516468344945508435, guid: b54452c530054904c974b47324f756ef,
        type: 3}
      propertyPath: m_text
      value: 
      objectReference: {fileID: 0}
    - target: {fileID: 516468344945508435, guid: b54452c530054904c974b47324f756ef,
        type: 3}
      propertyPath: m_textInfo.characterCount
      value: 49
      objectReference: {fileID: 0}
    - target: {fileID: 516468344945508435, guid: b54452c530054904c974b47324f756ef,
        type: 3}
      propertyPath: m_textInfo.spaceCount
      value: 9
      objectReference: {fileID: 0}
    - target: {fileID: 516468344945508435, guid: b54452c530054904c974b47324f756ef,
        type: 3}
      propertyPath: m_textInfo.wordCount
      value: 9
      objectReference: {fileID: 0}
    - target: {fileID: 516468344945508435, guid: b54452c530054904c974b47324f756ef,
        type: 3}
      propertyPath: m_textInfo.lineCount
      value: 3
      objectReference: {fileID: 0}
    - target: {fileID: 516468344945508435, guid: b54452c530054904c974b47324f756ef,
        type: 3}
      propertyPath: m_textInfo.pageCount
      value: 1
      objectReference: {fileID: 0}
    - target: {fileID: 516468344945508435, guid: b54452c530054904c974b47324f756ef,
        type: 3}
      propertyPath: m_enableAutoSizing
      value: 0
      objectReference: {fileID: 0}
    - target: {fileID: 516468344945508435, guid: b54452c530054904c974b47324f756ef,
        type: 3}
      propertyPath: m_fontSize
      value: 80
      objectReference: {fileID: 0}
    - target: {fileID: 516468344945508435, guid: b54452c530054904c974b47324f756ef,
        type: 3}
      propertyPath: m_fontStyle
      value: 0
      objectReference: {fileID: 0}
    - target: {fileID: 516468344945508435, guid: b54452c530054904c974b47324f756ef,
        type: 3}
      propertyPath: m_firstOverflowCharacterIndex
      value: -1
      objectReference: {fileID: 0}
    - target: {fileID: 516468344945508435, guid: b54452c530054904c974b47324f756ef,
        type: 3}
      propertyPath: m_textAlignment
      value: 514
      objectReference: {fileID: 0}
    - target: {fileID: 516468344945508447, guid: b54452c530054904c974b47324f756ef,
        type: 3}
      propertyPath: m_AnchorMin.x
      value: 0.5
      objectReference: {fileID: 0}
    - target: {fileID: 516468344945508447, guid: b54452c530054904c974b47324f756ef,
        type: 3}
      propertyPath: m_AnchorMin.y
      value: 0.5
      objectReference: {fileID: 0}
    - target: {fileID: 516468344945508447, guid: b54452c530054904c974b47324f756ef,
        type: 3}
      propertyPath: m_AnchorMax.x
      value: 0.5
      objectReference: {fileID: 0}
    - target: {fileID: 516468344945508447, guid: b54452c530054904c974b47324f756ef,
        type: 3}
      propertyPath: m_AnchorMax.y
      value: 0.5
      objectReference: {fileID: 0}
    - target: {fileID: 516468344945508447, guid: b54452c530054904c974b47324f756ef,
        type: 3}
      propertyPath: m_AnchoredPosition.x
      value: 0
      objectReference: {fileID: 0}
    - target: {fileID: 516468344945508447, guid: b54452c530054904c974b47324f756ef,
        type: 3}
      propertyPath: m_AnchoredPosition.y
      value: 0
      objectReference: {fileID: 0}
    - target: {fileID: 516468344945508447, guid: b54452c530054904c974b47324f756ef,
        type: 3}
      propertyPath: m_SizeDelta.y
      value: 254.90002
      objectReference: {fileID: 0}
    - target: {fileID: 516468344945508447, guid: b54452c530054904c974b47324f756ef,
        type: 3}
      propertyPath: m_SizeDelta.x
      value: 954.19995
      objectReference: {fileID: 0}
    - target: {fileID: 516468344945508432, guid: b54452c530054904c974b47324f756ef,
        type: 3}
      propertyPath: m_MotionVectors
      value: 1
      objectReference: {fileID: 0}
    m_RemovedComponents: []
  m_SourcePrefab: {fileID: 100100000, guid: b54452c530054904c974b47324f756ef, type: 3}
--- !u!1 &315848289
GameObject:
  m_ObjectHideFlags: 3
  m_CorrespondingSourceObject: {fileID: 0}
  m_PrefabInstance: {fileID: 0}
  m_PrefabAsset: {fileID: 0}
  serializedVersion: 6
  m_Component:
  - component: {fileID: 315848290}
  - component: {fileID: 315848293}
  - component: {fileID: 315848292}
  - component: {fileID: 315848291}
  m_Layer: 0
  m_Name: cm
  m_TagString: Untagged
  m_Icon: {fileID: 0}
  m_NavMeshLayer: 0
  m_StaticEditorFlags: 0
  m_IsActive: 1
--- !u!4 &315848290
Transform:
  m_ObjectHideFlags: 3
  m_CorrespondingSourceObject: {fileID: 0}
  m_PrefabInstance: {fileID: 0}
  m_PrefabAsset: {fileID: 0}
  m_GameObject: {fileID: 315848289}
  m_LocalRotation: {x: -0, y: -0, z: -0, w: 1}
  m_LocalPosition: {x: -13.37957, y: -4.3080006, z: 20.703125}
  m_LocalScale: {x: 1, y: 1, z: 1}
  m_Children: []
  m_Father: {fileID: 2048339341}
  m_RootOrder: 0
  m_LocalEulerAnglesHint: {x: 0, y: 0, z: 0}
--- !u!114 &315848291
MonoBehaviour:
  m_ObjectHideFlags: 3
  m_CorrespondingSourceObject: {fileID: 0}
  m_PrefabInstance: {fileID: 0}
  m_PrefabAsset: {fileID: 0}
  m_GameObject: {fileID: 315848289}
  m_Enabled: 1
  m_EditorHideFlags: 0
  m_Script: {fileID: 11500000, guid: fa7155796051b734daa718462081dc5f, type: 3}
  m_Name: 
  m_EditorClassIdentifier: 
  m_BindingMode: 4
  m_FollowOffset: {x: 0, y: 0, z: -10}
  m_XDamping: 1
  m_YDamping: 1
  m_ZDamping: 1
  m_AngularDampingMode: 0
  m_PitchDamping: 0
  m_YawDamping: 0
  m_RollDamping: 0
  m_AngularDamping: 0
--- !u!114 &315848292
MonoBehaviour:
  m_ObjectHideFlags: 3
  m_CorrespondingSourceObject: {fileID: 0}
  m_PrefabInstance: {fileID: 0}
  m_PrefabAsset: {fileID: 0}
  m_GameObject: {fileID: 315848289}
  m_Enabled: 1
  m_EditorHideFlags: 0
  m_Script: {fileID: 11500000, guid: f4044717213e31446939f7bd49c896ea, type: 3}
  m_Name: 
  m_EditorClassIdentifier: 
  m_TrackedObjectOffset: {x: 0, y: 0, z: 0}
  m_LookaheadTime: 0
  m_LookaheadSmoothing: 10
  m_LookaheadIgnoreY: 0
  m_HorizontalDamping: 0.5
  m_VerticalDamping: 0.5
  m_ScreenX: 0.5
  m_ScreenY: 0.5
  m_DeadZoneWidth: 0
  m_DeadZoneHeight: 0
  m_SoftZoneWidth: 0.8
  m_SoftZoneHeight: 0.8
  m_BiasX: 0
  m_BiasY: 0
  m_CenterOnActivate: 1
--- !u!114 &315848293
MonoBehaviour:
  m_ObjectHideFlags: 3
  m_CorrespondingSourceObject: {fileID: 0}
  m_PrefabInstance: {fileID: 0}
  m_PrefabAsset: {fileID: 0}
  m_GameObject: {fileID: 315848289}
  m_Enabled: 1
  m_EditorHideFlags: 0
  m_Script: {fileID: 11500000, guid: ac0b09e7857660247b1477e93731de29, type: 3}
  m_Name: 
  m_EditorClassIdentifier: 
--- !u!1 &370634651
GameObject:
  m_ObjectHideFlags: 0
  m_CorrespondingSourceObject: {fileID: 0}
  m_PrefabInstance: {fileID: 0}
  m_PrefabAsset: {fileID: 0}
  serializedVersion: 6
  m_Component:
  - component: {fileID: 370634659}
  - component: {fileID: 370634658}
  - component: {fileID: 370634656}
  - component: {fileID: 370634655}
  - component: {fileID: 370634654}
  - component: {fileID: 370634653}
  - component: {fileID: 370634652}
  m_Layer: 0
  m_Name: Main Camera(Clone)
  m_TagString: MainCamera
  m_Icon: {fileID: 0}
  m_NavMeshLayer: 0
  m_StaticEditorFlags: 0
  m_IsActive: 1
--- !u!114 &370634652
MonoBehaviour:
  m_ObjectHideFlags: 0
  m_CorrespondingSourceObject: {fileID: 0}
  m_PrefabInstance: {fileID: 0}
  m_PrefabAsset: {fileID: 0}
  m_GameObject: {fileID: 370634651}
  m_Enabled: 1
  m_EditorHideFlags: 0
  m_Script: {fileID: 11500000, guid: 948f4100a11a5c24981795d21301da5c, type: 3}
  m_Name: 
  m_EditorClassIdentifier: 
  volumeTrigger: {fileID: 370634659}
  volumeLayer:
    serializedVersion: 2
    m_Bits: 32768
  stopNaNPropagation: 1
  finalBlitToCameraTarget: 0
  antialiasingMode: 0
  temporalAntialiasing:
    jitterSpread: 0.75
    sharpness: 0.25
    stationaryBlending: 0.95
    motionBlending: 0.85
  subpixelMorphologicalAntialiasing:
    quality: 2
  fastApproximateAntialiasing:
    fastMode: 0
    keepAlpha: 0
  fog:
    enabled: 1
    excludeSkybox: 1
  debugLayer:
    lightMeter:
      width: 512
      height: 256
      showCurves: 1
    histogram:
      width: 512
      height: 256
      channel: 3
    waveform:
      exposure: 0.12
      height: 256
    vectorscope:
      size: 256
      exposure: 0.12
    overlaySettings:
      linearDepth: 0
      motionColorIntensity: 4
      motionGridSize: 64
      colorBlindnessType: 0
      colorBlindnessStrength: 1
  m_Resources: {fileID: 11400000, guid: d82512f9c8e5d4a4d938b575d47f88d4, type: 2}
  m_ShowToolkit: 0
  m_ShowCustomSorter: 0
  breakBeforeColorGrading: 0
  m_BeforeTransparentBundles: []
  m_BeforeStackBundles: []
  m_AfterStackBundles: []
--- !u!114 &370634653
MonoBehaviour:
  m_ObjectHideFlags: 0
  m_CorrespondingSourceObject: {fileID: 0}
  m_PrefabInstance: {fileID: 0}
  m_PrefabAsset: {fileID: 0}
  m_GameObject: {fileID: 370634651}
  m_Enabled: 1
  m_EditorHideFlags: 0
  m_Script: {fileID: 11500000, guid: e8cc40118884ed94daa6fbf966d9e373, type: 3}
  m_Name: 
  m_EditorClassIdentifier: 
  SCShader: {fileID: 4800000, guid: 9e86e152fe43c9340bc3c225c8fb4b0f, type: 3}
  FramePerSecond: 12
  Contrast: 1
  Burn: 0.14
  SceneCut: 0.5
  Fade: 0.1
--- !u!114 &370634654
MonoBehaviour:
  m_ObjectHideFlags: 0
  m_CorrespondingSourceObject: {fileID: 0}
  m_PrefabInstance: {fileID: 0}
  m_PrefabAsset: {fileID: 0}
  m_GameObject: {fileID: 370634651}
  m_Enabled: 1
  m_EditorHideFlags: 0
  m_Script: {fileID: 11500000, guid: 72ece51f2901e7445ab60da3685d6b5f, type: 3}
  m_Name: 
  m_EditorClassIdentifier: 
  m_ShowDebugText: 0
  m_ShowCameraFrustum: 1
  m_IgnoreTimeScale: 0
  m_WorldUpOverride: {fileID: 0}
  m_UpdateMethod: 2
  m_DefaultBlend:
    m_Style: 1
    m_Time: 2
    m_CustomCurve:
      serializedVersion: 2
      m_Curve: []
      m_PreInfinity: 2
      m_PostInfinity: 2
      m_RotationOrder: 4
  m_CustomBlends: {fileID: 0}
  m_CameraCutEvent:
    m_PersistentCalls:
      m_Calls: []
  m_CameraActivatedEvent:
    m_PersistentCalls:
      m_Calls: []
--- !u!114 &370634655
MonoBehaviour:
  m_ObjectHideFlags: 0
  m_CorrespondingSourceObject: {fileID: 0}
  m_PrefabInstance: {fileID: 0}
  m_PrefabAsset: {fileID: 0}
  m_GameObject: {fileID: 370634651}
  m_Enabled: 0
  m_EditorHideFlags: 0
  m_Script: {fileID: 11500000, guid: b3430268d67d07e46a7cb6b2ef36d01c, type: 3}
  m_Name: 
  m_EditorClassIdentifier: 
  negativeMat: {fileID: 2100000, guid: bf75e974298358245a29778359be1a82, type: 2}
  spreadingSpeed: 1
--- !u!114 &370634656
MonoBehaviour:
  m_ObjectHideFlags: 0
  m_CorrespondingSourceObject: {fileID: 0}
  m_PrefabInstance: {fileID: 0}
  m_PrefabAsset: {fileID: 0}
  m_GameObject: {fileID: 370634651}
  m_Enabled: 1
  m_EditorHideFlags: 0
  m_Script: {fileID: 11500000, guid: 214c1579fe7727e4e8b02579879a8e08, type: 3}
  m_Name: 
  m_EditorClassIdentifier: 
--- !u!20 &370634658
Camera:
  m_ObjectHideFlags: 0
  m_CorrespondingSourceObject: {fileID: 0}
  m_PrefabInstance: {fileID: 0}
  m_PrefabAsset: {fileID: 0}
  m_GameObject: {fileID: 370634651}
  m_Enabled: 1
  serializedVersion: 2
  m_ClearFlags: 1
  m_BackGroundColor: {r: 0, g: 0, b: 0, a: 0}
  m_projectionMatrixMode: 1
  m_GateFitMode: 2
  m_FOVAxisMode: 0
  m_SensorSize: {x: 36, y: 24}
  m_LensShift: {x: 0, y: 0}
  m_FocalLength: 50
  m_NormalizedViewPortRect:
    serializedVersion: 2
    x: 0
    y: 0
    width: 1
    height: 1
  near clip plane: 0.1
  far clip plane: 5000
  field of view: 40
  orthographic: 1
  orthographic size: 4
  m_Depth: -1
  m_CullingMask:
    serializedVersion: 2
    m_Bits: 4294967295
  m_RenderingPath: -1
  m_TargetTexture: {fileID: 0}
  m_TargetDisplay: 0
  m_TargetEye: 3
  m_HDR: 1
  m_AllowMSAA: 1
  m_AllowDynamicResolution: 0
  m_ForceIntoRT: 0
  m_OcclusionCulling: 1
  m_StereoConvergence: 10
  m_StereoSeparation: 0.022
--- !u!4 &370634659
Transform:
  m_ObjectHideFlags: 0
  m_CorrespondingSourceObject: {fileID: 0}
  m_PrefabInstance: {fileID: 0}
  m_PrefabAsset: {fileID: 0}
  m_GameObject: {fileID: 370634651}
  m_LocalRotation: {x: -0, y: -0, z: -0, w: 1}
  m_LocalPosition: {x: -17.126656, y: 9.623418, z: 167.57541}
  m_LocalScale: {x: 1, y: 1, z: 1}
  m_Children: []
  m_Father: {fileID: 164869021}
  m_RootOrder: 0
  m_LocalEulerAnglesHint: {x: 0, y: 0, z: 0}
--- !u!114 &465315197 stripped
MonoBehaviour:
  m_CorrespondingSourceObject: {fileID: 516468345726434784, guid: b54452c530054904c974b47324f756ef,
    type: 3}
  m_PrefabInstance: {fileID: 245358640}
  m_PrefabAsset: {fileID: 0}
  m_GameObject: {fileID: 0}
  m_Enabled: 1
  m_EditorHideFlags: 0
  m_Script: {fileID: 11500000, guid: fe87c0e1cc204ed48ad3b37840f39efc, type: 3}
  m_Name: 
  m_EditorClassIdentifier: 
--- !u!1001 &472242777
PrefabInstance:
  m_ObjectHideFlags: 0
  serializedVersion: 2
  m_Modification:
    m_TransformParent: {fileID: 0}
    m_Modifications:
    - target: {fileID: 152554874726327033, guid: 15ed82304c5faa348a5eeb0c85bab0ba,
        type: 3}
      propertyPath: m_Name
      value: Grid
      objectReference: {fileID: 0}
    - target: {fileID: 152554874726327035, guid: 15ed82304c5faa348a5eeb0c85bab0ba,
        type: 3}
      propertyPath: m_LocalPosition.x
      value: 0
      objectReference: {fileID: 0}
    - target: {fileID: 152554874726327035, guid: 15ed82304c5faa348a5eeb0c85bab0ba,
        type: 3}
      propertyPath: m_LocalPosition.y
      value: 0
      objectReference: {fileID: 0}
    - target: {fileID: 152554874726327035, guid: 15ed82304c5faa348a5eeb0c85bab0ba,
        type: 3}
      propertyPath: m_LocalPosition.z
      value: 0
      objectReference: {fileID: 0}
    - target: {fileID: 152554874726327035, guid: 15ed82304c5faa348a5eeb0c85bab0ba,
        type: 3}
      propertyPath: m_LocalRotation.x
      value: 0
      objectReference: {fileID: 0}
    - target: {fileID: 152554874726327035, guid: 15ed82304c5faa348a5eeb0c85bab0ba,
        type: 3}
      propertyPath: m_LocalRotation.y
      value: 0
      objectReference: {fileID: 0}
    - target: {fileID: 152554874726327035, guid: 15ed82304c5faa348a5eeb0c85bab0ba,
        type: 3}
      propertyPath: m_LocalRotation.z
      value: 0
      objectReference: {fileID: 0}
    - target: {fileID: 152554874726327035, guid: 15ed82304c5faa348a5eeb0c85bab0ba,
        type: 3}
      propertyPath: m_LocalRotation.w
      value: 1
      objectReference: {fileID: 0}
    - target: {fileID: 152554874726327035, guid: 15ed82304c5faa348a5eeb0c85bab0ba,
        type: 3}
      propertyPath: m_RootOrder
      value: 4
      objectReference: {fileID: 0}
    - target: {fileID: 152554874726327035, guid: 15ed82304c5faa348a5eeb0c85bab0ba,
        type: 3}
      propertyPath: m_LocalEulerAnglesHint.x
      value: 0
      objectReference: {fileID: 0}
    - target: {fileID: 152554874726327035, guid: 15ed82304c5faa348a5eeb0c85bab0ba,
        type: 3}
      propertyPath: m_LocalEulerAnglesHint.y
      value: 0
      objectReference: {fileID: 0}
    - target: {fileID: 152554874726327035, guid: 15ed82304c5faa348a5eeb0c85bab0ba,
        type: 3}
      propertyPath: m_LocalEulerAnglesHint.z
      value: 0
      objectReference: {fileID: 0}
    - target: {fileID: 152554874726327034, guid: 15ed82304c5faa348a5eeb0c85bab0ba,
        type: 3}
      propertyPath: levelPrefabs.Array.size
      value: 5
      objectReference: {fileID: 0}
    - target: {fileID: 152554874726327034, guid: 15ed82304c5faa348a5eeb0c85bab0ba,
        type: 3}
      propertyPath: disableBlock.Array.size
      value: 4
      objectReference: {fileID: 0}
    - target: {fileID: 152554874726327034, guid: 15ed82304c5faa348a5eeb0c85bab0ba,
        type: 3}
      propertyPath: enableBlock.Array.size
      value: 4
      objectReference: {fileID: 0}
    - target: {fileID: 152554874726327034, guid: 15ed82304c5faa348a5eeb0c85bab0ba,
        type: 3}
      propertyPath: transitionScreen
      value: 
      objectReference: {fileID: 465315197}
    - target: {fileID: 152554874726327034, guid: 15ed82304c5faa348a5eeb0c85bab0ba,
        type: 3}
      propertyPath: transitionText
      value: 
      objectReference: {fileID: 2063143846}
    - target: {fileID: 152554874726327034, guid: 15ed82304c5faa348a5eeb0c85bab0ba,
        type: 3}
      propertyPath: player
      value: 
      objectReference: {fileID: 769902559}
    - target: {fileID: 152554874726327034, guid: 15ed82304c5faa348a5eeb0c85bab0ba,
        type: 3}
      propertyPath: levelPrefabs.Array.data[0]
      value: 
      objectReference: {fileID: 4192211936636018484, guid: a450123373d87864c90aadfc9f371e22,
        type: 3}
    - target: {fileID: 152554874726327034, guid: 15ed82304c5faa348a5eeb0c85bab0ba,
        type: 3}
      propertyPath: bufferSize
      value: 100
      objectReference: {fileID: 0}
    - target: {fileID: 152554874726327034, guid: 15ed82304c5faa348a5eeb0c85bab0ba,
        type: 3}
      propertyPath: transitionSpeed
      value: 10
      objectReference: {fileID: 0}
    - target: {fileID: 152554874726327034, guid: 15ed82304c5faa348a5eeb0c85bab0ba,
        type: 3}
      propertyPath: transitionCam
      value: 
      objectReference: {fileID: 691710347}
    - target: {fileID: 152554874726327034, guid: 15ed82304c5faa348a5eeb0c85bab0ba,
        type: 3}
      propertyPath: m_Enabled
      value: 1
      objectReference: {fileID: 0}
    - target: {fileID: 152554874726327034, guid: 15ed82304c5faa348a5eeb0c85bab0ba,
        type: 3}
      propertyPath: transitionObject
      value: 
      objectReference: {fileID: 1130097808}
    - target: {fileID: 152554874726327034, guid: 15ed82304c5faa348a5eeb0c85bab0ba,
        type: 3}
      propertyPath: levelPrefabs.Array.data[1]
      value: 
      objectReference: {fileID: 1220987936761447889, guid: 9ff28275193784b4f98cc36a1f06597e,
        type: 3}
    - target: {fileID: 152554874726327034, guid: 15ed82304c5faa348a5eeb0c85bab0ba,
        type: 3}
      propertyPath: disableBlock.Array.data[0]
      value: 
      objectReference: {fileID: 923691042}
    - target: {fileID: 152554874726327034, guid: 15ed82304c5faa348a5eeb0c85bab0ba,
        type: 3}
      propertyPath: ui
      value: 
      objectReference: {fileID: 559427011}
    - target: {fileID: 152554874726327034, guid: 15ed82304c5faa348a5eeb0c85bab0ba,
        type: 3}
      propertyPath: levelPrefabs.Array.data[2]
      value: 
      objectReference: {fileID: 789878107790629051, guid: 4c233c958ff6f1749942fffb8a32c73b,
        type: 3}
    - target: {fileID: 152554874726327034, guid: 15ed82304c5faa348a5eeb0c85bab0ba,
        type: 3}
      propertyPath: disableBlock.Array.data[1]
      value: 
      objectReference: {fileID: 1808736073}
    - target: {fileID: 152554874726327034, guid: 15ed82304c5faa348a5eeb0c85bab0ba,
        type: 3}
      propertyPath: disableBlock.Array.data[2]
      value: 
      objectReference: {fileID: 820582902}
    - target: {fileID: 152554874726327034, guid: 15ed82304c5faa348a5eeb0c85bab0ba,
        type: 3}
      propertyPath: levelPrefabs.Array.data[3]
      value: 
      objectReference: {fileID: 3808795588172338571, guid: 8caf259715491634092dc86b61289e80,
        type: 3}
    - target: {fileID: 152554874726327034, guid: 15ed82304c5faa348a5eeb0c85bab0ba,
        type: 3}
      propertyPath: disableBlock.Array.data[3]
      value: 
      objectReference: {fileID: 1453416383}
    - target: {fileID: 152554874726327034, guid: 15ed82304c5faa348a5eeb0c85bab0ba,
        type: 3}
      propertyPath: levelPrefabs.Array.data[4]
      value: 
      objectReference: {fileID: 3808795588172338571, guid: 3304804b65428304da87ecca7ddc754f,
        type: 3}
    - target: {fileID: 152554874726327034, guid: 15ed82304c5faa348a5eeb0c85bab0ba,
        type: 3}
      propertyPath: enableBlock.Array.data[0]
      value: 
      objectReference: {fileID: 1721798130}
    - target: {fileID: 152554874726327034, guid: 15ed82304c5faa348a5eeb0c85bab0ba,
        type: 3}
      propertyPath: enableBlock.Array.data[1]
      value: 
      objectReference: {fileID: 855101029}
    - target: {fileID: 152554874726327034, guid: 15ed82304c5faa348a5eeb0c85bab0ba,
        type: 3}
      propertyPath: enableBlock.Array.data[2]
      value: 
      objectReference: {fileID: 1110247864}
    - target: {fileID: 152554874726327034, guid: 15ed82304c5faa348a5eeb0c85bab0ba,
        type: 3}
      propertyPath: enableBlock.Array.data[3]
      value: 
      objectReference: {fileID: 56036722}
    - target: {fileID: 152554875125713867, guid: 15ed82304c5faa348a5eeb0c85bab0ba,
        type: 3}
      propertyPath: m_Color.r
      value: 0.5566038
      objectReference: {fileID: 0}
    - target: {fileID: 152554875125713867, guid: 15ed82304c5faa348a5eeb0c85bab0ba,
        type: 3}
      propertyPath: m_Color.g
      value: 0.5566038
      objectReference: {fileID: 0}
    - target: {fileID: 152554875125713867, guid: 15ed82304c5faa348a5eeb0c85bab0ba,
        type: 3}
      propertyPath: m_Color.b
      value: 0.5566038
      objectReference: {fileID: 0}
    m_RemovedComponents: []
  m_SourcePrefab: {fileID: 100100000, guid: 15ed82304c5faa348a5eeb0c85bab0ba, type: 3}
--- !u!1 &486208731
GameObject:
  m_ObjectHideFlags: 0
  m_CorrespondingSourceObject: {fileID: 0}
  m_PrefabInstance: {fileID: 0}
  m_PrefabAsset: {fileID: 0}
  serializedVersion: 6
  m_Component:
  - component: {fileID: 486208735}
  - component: {fileID: 486208734}
  - component: {fileID: 486208733}
  - component: {fileID: 486208732}
  - component: {fileID: 486208736}
  m_Layer: 15
  m_Name: Game Controller
  m_TagString: Untagged
  m_Icon: {fileID: 0}
  m_NavMeshLayer: 0
  m_StaticEditorFlags: 0
  m_IsActive: 1
--- !u!114 &486208732
MonoBehaviour:
  m_ObjectHideFlags: 0
  m_CorrespondingSourceObject: {fileID: 0}
  m_PrefabInstance: {fileID: 0}
  m_PrefabAsset: {fileID: 0}
  m_GameObject: {fileID: 486208731}
  m_Enabled: 1
  m_EditorHideFlags: 0
  m_Script: {fileID: 11500000, guid: 25806dfec5308a84bb761f0afab54b06, type: 3}
  m_Name: 
  m_EditorClassIdentifier: 
  decor:
  - {fileID: 1447775332}
  - {fileID: 822459299}
  - {fileID: 1814647035}
--- !u!114 &486208733
MonoBehaviour:
  m_ObjectHideFlags: 0
  m_CorrespondingSourceObject: {fileID: 0}
  m_PrefabInstance: {fileID: 0}
  m_PrefabAsset: {fileID: 0}
  m_GameObject: {fileID: 486208731}
  m_Enabled: 0
  m_EditorHideFlags: 0
  m_Script: {fileID: 11500000, guid: 71a4076c3cdcf164ba783f31aadda492, type: 3}
  m_Name: 
  m_EditorClassIdentifier: 
  fantasy: {fileID: 0}
  real: {fileID: 0}
--- !u!114 &486208734
MonoBehaviour:
  m_ObjectHideFlags: 0
  m_CorrespondingSourceObject: {fileID: 0}
  m_PrefabInstance: {fileID: 0}
  m_PrefabAsset: {fileID: 0}
  m_GameObject: {fileID: 486208731}
  m_Enabled: 1
  m_EditorHideFlags: 0
  m_Script: {fileID: 11500000, guid: 790254c91fd02a94b8ff3458bc1ebe17, type: 3}
  m_Name: 
  m_EditorClassIdentifier: 
  startDark: 1
  fadeTime: 10
  ColorFilterRW: {fileID: 1076221277}
  ColorFilterDW: {fileID: 1529623320}
--- !u!4 &486208735
Transform:
  m_ObjectHideFlags: 0
  m_CorrespondingSourceObject: {fileID: 0}
  m_PrefabInstance: {fileID: 0}
  m_PrefabAsset: {fileID: 0}
  m_GameObject: {fileID: 486208731}
  m_LocalRotation: {x: 0, y: 0, z: 0, w: 1}
  m_LocalPosition: {x: 0, y: 0, z: 0}
  m_LocalScale: {x: 1, y: 1, z: 1}
  m_Children: []
  m_Father: {fileID: 0}
  m_RootOrder: 0
  m_LocalEulerAnglesHint: {x: 0, y: 0, z: 0}
--- !u!114 &486208736
MonoBehaviour:
  m_ObjectHideFlags: 0
  m_CorrespondingSourceObject: {fileID: 0}
  m_PrefabInstance: {fileID: 0}
  m_PrefabAsset: {fileID: 0}
  m_GameObject: {fileID: 486208731}
  m_Enabled: 1
  m_EditorHideFlags: 0
  m_Script: {fileID: 11500000, guid: 8b9a305e18de0c04dbd257a21cd47087, type: 3}
  m_Name: 
  m_EditorClassIdentifier: 
  sharedProfile: {fileID: 11400000, guid: 20a296fe50bd5a2448ee8e511159839e, type: 2}
  isGlobal: 1
  blendDistance: 0
  weight: 1
  priority: 0
--- !u!1 &559427011
GameObject:
  m_ObjectHideFlags: 0
  m_CorrespondingSourceObject: {fileID: 0}
  m_PrefabInstance: {fileID: 0}
  m_PrefabAsset: {fileID: 0}
  serializedVersion: 6
  m_Component:
  - component: {fileID: 559427015}
  - component: {fileID: 559427014}
  - component: {fileID: 559427013}
  - component: {fileID: 559427012}
  m_Layer: 5
  m_Name: UI
  m_TagString: Untagged
  m_Icon: {fileID: 0}
  m_NavMeshLayer: 0
  m_StaticEditorFlags: 0
  m_IsActive: 1
--- !u!114 &559427012
MonoBehaviour:
  m_ObjectHideFlags: 0
  m_CorrespondingSourceObject: {fileID: 0}
  m_PrefabInstance: {fileID: 0}
  m_PrefabAsset: {fileID: 0}
  m_GameObject: {fileID: 559427011}
  m_Enabled: 1
  m_EditorHideFlags: 0
  m_Script: {fileID: 11500000, guid: dc42784cf147c0c48a680349fa168899, type: 3}
  m_Name: 
  m_EditorClassIdentifier: 
  m_IgnoreReversedGraphics: 1
  m_BlockingObjects: 0
  m_BlockingMask:
    serializedVersion: 2
    m_Bits: 4294967295
--- !u!114 &559427013
MonoBehaviour:
  m_ObjectHideFlags: 0
  m_CorrespondingSourceObject: {fileID: 0}
  m_PrefabInstance: {fileID: 0}
  m_PrefabAsset: {fileID: 0}
  m_GameObject: {fileID: 559427011}
  m_Enabled: 1
  m_EditorHideFlags: 0
  m_Script: {fileID: 11500000, guid: 0cd44c1031e13a943bb63640046fad76, type: 3}
  m_Name: 
  m_EditorClassIdentifier: 
  m_UiScaleMode: 1
  m_ReferencePixelsPerUnit: 100
  m_ScaleFactor: 1
  m_ReferenceResolution: {x: 1920, y: 1080}
  m_ScreenMatchMode: 0
  m_MatchWidthOrHeight: 0
  m_PhysicalUnit: 3
  m_FallbackScreenDPI: 96
  m_DefaultSpriteDPI: 96
  m_DynamicPixelsPerUnit: 1
--- !u!223 &559427014
Canvas:
  m_ObjectHideFlags: 0
  m_CorrespondingSourceObject: {fileID: 0}
  m_PrefabInstance: {fileID: 0}
  m_PrefabAsset: {fileID: 0}
  m_GameObject: {fileID: 559427011}
  m_Enabled: 1
  serializedVersion: 3
  m_RenderMode: 0
  m_Camera: {fileID: 370634658}
  m_PlaneDistance: 100
  m_PixelPerfect: 0
  m_ReceivesEvents: 1
  m_OverrideSorting: 0
  m_OverridePixelPerfect: 0
  m_SortingBucketNormalizedSize: 0
  m_AdditionalShaderChannelsFlag: 0
  m_SortingLayerID: -1403118759
  m_SortingOrder: 0
  m_TargetDisplay: 0
--- !u!224 &559427015
RectTransform:
  m_ObjectHideFlags: 0
  m_CorrespondingSourceObject: {fileID: 0}
  m_PrefabInstance: {fileID: 0}
  m_PrefabAsset: {fileID: 0}
  m_GameObject: {fileID: 559427011}
  m_LocalRotation: {x: 0, y: 0, z: 0, w: 1}
  m_LocalPosition: {x: 0, y: 0, z: 0}
  m_LocalScale: {x: 0, y: 0, z: 0}
  m_Children:
  - {fileID: 1076221278}
  - {fileID: 1529623321}
  - {fileID: 1013196987}
  m_Father: {fileID: 0}
  m_RootOrder: 6
  m_LocalEulerAnglesHint: {x: 0, y: 0, z: 0}
  m_AnchorMin: {x: 0, y: 0}
  m_AnchorMax: {x: 0, y: 0}
  m_AnchoredPosition: {x: 0, y: 0}
  m_SizeDelta: {x: 0, y: 0}
  m_Pivot: {x: 0, y: 0}
--- !u!1001 &571415673
PrefabInstance:
  m_ObjectHideFlags: 0
  serializedVersion: 2
  m_Modification:
    m_TransformParent: {fileID: 0}
    m_Modifications:
    - target: {fileID: 9181537044143041106, guid: 451ff1cfb34fe3c4b8ed74ccd7a6a4c3,
        type: 3}
      propertyPath: m_Name
      value: PupetAnNNA
      objectReference: {fileID: 0}
    - target: {fileID: 9181537044143041119, guid: 451ff1cfb34fe3c4b8ed74ccd7a6a4c3,
        type: 3}
      propertyPath: m_LocalPosition.x
      value: -2.27
      objectReference: {fileID: 0}
    - target: {fileID: 9181537044143041119, guid: 451ff1cfb34fe3c4b8ed74ccd7a6a4c3,
        type: 3}
      propertyPath: m_LocalPosition.y
      value: 0.6
      objectReference: {fileID: 0}
    - target: {fileID: 9181537044143041119, guid: 451ff1cfb34fe3c4b8ed74ccd7a6a4c3,
        type: 3}
      propertyPath: m_LocalPosition.z
      value: 0
      objectReference: {fileID: 0}
    - target: {fileID: 9181537044143041119, guid: 451ff1cfb34fe3c4b8ed74ccd7a6a4c3,
        type: 3}
      propertyPath: m_LocalRotation.x
      value: 0
      objectReference: {fileID: 0}
    - target: {fileID: 9181537044143041119, guid: 451ff1cfb34fe3c4b8ed74ccd7a6a4c3,
        type: 3}
      propertyPath: m_LocalRotation.y
      value: 0
      objectReference: {fileID: 0}
    - target: {fileID: 9181537044143041119, guid: 451ff1cfb34fe3c4b8ed74ccd7a6a4c3,
        type: 3}
      propertyPath: m_LocalRotation.z
      value: 0
      objectReference: {fileID: 0}
    - target: {fileID: 9181537044143041119, guid: 451ff1cfb34fe3c4b8ed74ccd7a6a4c3,
        type: 3}
      propertyPath: m_LocalRotation.w
      value: 1
      objectReference: {fileID: 0}
    - target: {fileID: 9181537044143041119, guid: 451ff1cfb34fe3c4b8ed74ccd7a6a4c3,
        type: 3}
      propertyPath: m_RootOrder
      value: 3
      objectReference: {fileID: 0}
    - target: {fileID: 9181537044143041119, guid: 451ff1cfb34fe3c4b8ed74ccd7a6a4c3,
        type: 3}
      propertyPath: m_LocalEulerAnglesHint.x
      value: 0
      objectReference: {fileID: 0}
    - target: {fileID: 9181537044143041119, guid: 451ff1cfb34fe3c4b8ed74ccd7a6a4c3,
        type: 3}
      propertyPath: m_LocalEulerAnglesHint.y
      value: 0
      objectReference: {fileID: 0}
    - target: {fileID: 9181537044143041119, guid: 451ff1cfb34fe3c4b8ed74ccd7a6a4c3,
        type: 3}
      propertyPath: m_LocalEulerAnglesHint.z
      value: 0
      objectReference: {fileID: 0}
    - target: {fileID: 9181537044143041116, guid: 451ff1cfb34fe3c4b8ed74ccd7a6a4c3,
        type: 3}
      propertyPath: interactiveLayer
      value: 
      objectReference: {fileID: 1405950978}
    m_RemovedComponents: []
  m_SourcePrefab: {fileID: 100100000, guid: 451ff1cfb34fe3c4b8ed74ccd7a6a4c3, type: 3}
--- !u!1 &626599422
GameObject:
  m_ObjectHideFlags: 0
  m_CorrespondingSourceObject: {fileID: 0}
  m_PrefabInstance: {fileID: 0}
  m_PrefabAsset: {fileID: 0}
  serializedVersion: 6
  m_Component:
  - component: {fileID: 626599424}
  - component: {fileID: 626599423}
  m_Layer: 0
  m_Name: CMCamBound
  m_TagString: Untagged
  m_Icon: {fileID: 0}
  m_NavMeshLayer: 0
  m_StaticEditorFlags: 0
  m_IsActive: 1
--- !u!60 &626599423
PolygonCollider2D:
  m_ObjectHideFlags: 0
  m_CorrespondingSourceObject: {fileID: 0}
  m_PrefabInstance: {fileID: 0}
  m_PrefabAsset: {fileID: 0}
  m_GameObject: {fileID: 626599422}
  m_Enabled: 1
  m_Density: 1
  m_Material: {fileID: 0}
  m_IsTrigger: 1
  m_UsedByEffector: 0
  m_UsedByComposite: 0
  m_Offset: {x: 0, y: 0}
  m_SpriteTilingProperty:
    border: {x: 0, y: 0, z: 0, w: 0}
    pivot: {x: 0, y: 0}
    oldSize: {x: 0, y: 0}
    newSize: {x: 0, y: 0}
    adaptiveTilingThreshold: 0
    drawMode: 0
    adaptiveTiling: 0
  m_AutoTiling: 0
  m_Points:
    m_Paths:
    - - {x: -44.37561, y: 18.67308}
      - {x: -44.734413, y: -25.160233}
      - {x: 28.771698, y: -21.551628}
      - {x: 25.042248, y: 20.307497}
--- !u!4 &626599424
Transform:
  m_ObjectHideFlags: 0
  m_CorrespondingSourceObject: {fileID: 0}
  m_PrefabInstance: {fileID: 0}
  m_PrefabAsset: {fileID: 0}
  m_GameObject: {fileID: 626599422}
  m_LocalRotation: {x: -0, y: -0, z: -0, w: 1}
  m_LocalPosition: {x: -3.793501, y: 11.724417, z: 156.87228}
  m_LocalScale: {x: 1, y: 1, z: 1}
  m_Children: []
  m_Father: {fileID: 164869021}
  m_RootOrder: 2
  m_LocalEulerAnglesHint: {x: 0, y: 0, z: 0}
--- !u!20 &691710347 stripped
Camera:
  m_CorrespondingSourceObject: {fileID: 8610468971985359505, guid: b54452c530054904c974b47324f756ef,
    type: 3}
  m_PrefabInstance: {fileID: 245358640}
  m_PrefabAsset: {fileID: 0}
--- !u!1 &769902559 stripped
GameObject:
  m_CorrespondingSourceObject: {fileID: 9181537044143041106, guid: 451ff1cfb34fe3c4b8ed74ccd7a6a4c3,
    type: 3}
  m_PrefabInstance: {fileID: 571415673}
  m_PrefabAsset: {fileID: 0}
--- !u!114 &769902560 stripped
MonoBehaviour:
  m_CorrespondingSourceObject: {fileID: 9181537044143041116, guid: 451ff1cfb34fe3c4b8ed74ccd7a6a4c3,
    type: 3}
  m_PrefabInstance: {fileID: 571415673}
  m_PrefabAsset: {fileID: 0}
  m_GameObject: {fileID: 769902559}
  m_Enabled: 1
  m_EditorHideFlags: 0
  m_Script: {fileID: 11500000, guid: 06a94f2d6251fca46b10d206ac98d6fd, type: 3}
  m_Name: 
  m_EditorClassIdentifier: 
--- !u!4 &769902565 stripped
Transform:
  m_CorrespondingSourceObject: {fileID: 9181537044143041119, guid: 451ff1cfb34fe3c4b8ed74ccd7a6a4c3,
    type: 3}
  m_PrefabInstance: {fileID: 571415673}
  m_PrefabAsset: {fileID: 0}
--- !u!1 &820582902 stripped
GameObject:
  m_CorrespondingSourceObject: {fileID: 7074838058362590709, guid: 1a13edb54c431e740ac4fa081c87f1bb,
    type: 3}
  m_PrefabInstance: {fileID: 2044366601}
  m_PrefabAsset: {fileID: 0}
--- !u!1839735485 &822459299 stripped
Tilemap:
  m_CorrespondingSourceObject: {fileID: 152554874919424815, guid: 15ed82304c5faa348a5eeb0c85bab0ba,
    type: 3}
  m_PrefabInstance: {fileID: 472242777}
  m_PrefabAsset: {fileID: 0}
--- !u!1 &855101029
GameObject:
  m_ObjectHideFlags: 0
  m_CorrespondingSourceObject: {fileID: 0}
  m_PrefabInstance: {fileID: 0}
  m_PrefabAsset: {fileID: 0}
  serializedVersion: 6
  m_Component:
  - component: {fileID: 855101030}
  m_Layer: 0
  m_Name: TriggerCam
  m_TagString: Untagged
  m_Icon: {fileID: 0}
  m_NavMeshLayer: 0
  m_StaticEditorFlags: 0
  m_IsActive: 0
--- !u!4 &855101030
Transform:
  m_ObjectHideFlags: 0
  m_CorrespondingSourceObject: {fileID: 0}
  m_PrefabInstance: {fileID: 0}
  m_PrefabAsset: {fileID: 0}
  m_GameObject: {fileID: 855101029}
  m_LocalRotation: {x: 0, y: 0, z: 0, w: 1}
  m_LocalPosition: {x: 0, y: 0, z: 0}
  m_LocalScale: {x: 1, y: 1, z: 1}
  m_Children: []
  m_Father: {fileID: 1808736074}
  m_RootOrder: 3
  m_LocalEulerAnglesHint: {x: 0, y: 0, z: 0}
--- !u!1 &923691042 stripped
GameObject:
  m_CorrespondingSourceObject: {fileID: 4087724467502028932, guid: f857bd9eebcc87140848263de8b02355,
    type: 3}
  m_PrefabInstance: {fileID: 121357962}
  m_PrefabAsset: {fileID: 0}
--- !u!4 &923691043 stripped
Transform:
  m_CorrespondingSourceObject: {fileID: 4087724467502028939, guid: f857bd9eebcc87140848263de8b02355,
    type: 3}
  m_PrefabInstance: {fileID: 121357962}
  m_PrefabAsset: {fileID: 0}
--- !u!1 &980280539
GameObject:
  m_ObjectHideFlags: 0
  m_CorrespondingSourceObject: {fileID: 0}
  m_PrefabInstance: {fileID: 0}
  m_PrefabAsset: {fileID: 0}
  serializedVersion: 6
  m_Component:
  - component: {fileID: 980280540}
  - component: {fileID: 980280542}
  - component: {fileID: 980280541}
  m_Layer: 5
  m_Name: KeySprite
  m_TagString: Untagged
  m_Icon: {fileID: 0}
  m_NavMeshLayer: 0
  m_StaticEditorFlags: 0
  m_IsActive: 1
--- !u!224 &980280540
RectTransform:
  m_ObjectHideFlags: 0
  m_CorrespondingSourceObject: {fileID: 0}
  m_PrefabInstance: {fileID: 0}
  m_PrefabAsset: {fileID: 0}
  m_GameObject: {fileID: 980280539}
  m_LocalRotation: {x: 0, y: 0, z: 0, w: 1}
  m_LocalPosition: {x: 0, y: 0, z: 0}
  m_LocalScale: {x: 1, y: 1, z: 1}
  m_Children: []
  m_Father: {fileID: 1013196987}
  m_RootOrder: 3
  m_LocalEulerAnglesHint: {x: 0, y: 0, z: 0}
  m_AnchorMin: {x: 0.5, y: 0.5}
  m_AnchorMax: {x: 0.5, y: 0.5}
  m_AnchoredPosition: {x: -141.3, y: -16.7}
  m_SizeDelta: {x: 60, y: 45}
  m_Pivot: {x: 0.5, y: 0.5}
--- !u!114 &980280541
MonoBehaviour:
  m_ObjectHideFlags: 0
  m_CorrespondingSourceObject: {fileID: 0}
  m_PrefabInstance: {fileID: 0}
  m_PrefabAsset: {fileID: 0}
  m_GameObject: {fileID: 980280539}
  m_Enabled: 1
  m_EditorHideFlags: 0
  m_Script: {fileID: 11500000, guid: fe87c0e1cc204ed48ad3b37840f39efc, type: 3}
  m_Name: 
  m_EditorClassIdentifier: 
  m_Material: {fileID: 0}
  m_Color: {r: 1, g: 1, b: 1, a: 1}
  m_RaycastTarget: 1
  m_OnCullStateChanged:
    m_PersistentCalls:
      m_Calls: []
  m_Sprite: {fileID: 8033092973025764044, guid: 8648791053424414482d68b34b7ea31d,
    type: 3}
  m_Type: 0
  m_PreserveAspect: 0
  m_FillCenter: 1
  m_FillMethod: 4
  m_FillAmount: 1
  m_FillClockwise: 1
  m_FillOrigin: 0
  m_UseSpriteMesh: 0
  m_PixelsPerUnitMultiplier: 1
--- !u!222 &980280542
CanvasRenderer:
  m_ObjectHideFlags: 0
  m_CorrespondingSourceObject: {fileID: 0}
  m_PrefabInstance: {fileID: 0}
  m_PrefabAsset: {fileID: 0}
  m_GameObject: {fileID: 980280539}
  m_CullTransparentMesh: 0
--- !u!1 &1013196986
GameObject:
  m_ObjectHideFlags: 0
  m_CorrespondingSourceObject: {fileID: 0}
  m_PrefabInstance: {fileID: 0}
  m_PrefabAsset: {fileID: 0}
  serializedVersion: 6
  m_Component:
  - component: {fileID: 1013196987}
  - component: {fileID: 1013196990}
  - component: {fileID: 1013196989}
  - component: {fileID: 1013196988}
  m_Layer: 5
  m_Name: UI_Inventory
  m_TagString: Untagged
  m_Icon: {fileID: 0}
  m_NavMeshLayer: 0
  m_StaticEditorFlags: 0
  m_IsActive: 1
--- !u!224 &1013196987
RectTransform:
  m_ObjectHideFlags: 0
  m_CorrespondingSourceObject: {fileID: 0}
  m_PrefabInstance: {fileID: 0}
  m_PrefabAsset: {fileID: 0}
  m_GameObject: {fileID: 1013196986}
  m_LocalRotation: {x: 0, y: 0, z: 0, w: 1}
  m_LocalPosition: {x: 0, y: 0, z: 0}
  m_LocalScale: {x: 1, y: 1, z: 1}
  m_Children:
  - {fileID: 1818249979}
  - {fileID: 2101579831}
  - {fileID: 1958880037}
  - {fileID: 980280540}
  m_Father: {fileID: 559427015}
  m_RootOrder: 2
  m_LocalEulerAnglesHint: {x: 0, y: 0, z: 0}
  m_AnchorMin: {x: 0.5, y: 0.5}
  m_AnchorMax: {x: 0.5, y: 0.5}
  m_AnchoredPosition: {x: -754.9, y: -463.3}
  m_SizeDelta: {x: 409.6, y: 153.6}
  m_Pivot: {x: 0.5, y: 0.5}
--- !u!114 &1013196988
MonoBehaviour:
  m_ObjectHideFlags: 0
  m_CorrespondingSourceObject: {fileID: 0}
  m_PrefabInstance: {fileID: 0}
  m_PrefabAsset: {fileID: 0}
  m_GameObject: {fileID: 1013196986}
  m_Enabled: 1
  m_EditorHideFlags: 0
  m_Script: {fileID: 11500000, guid: 884708725266a2946bba5a2fa1d1db01, type: 3}
  m_Name: 
  m_EditorClassIdentifier: 
  player: {fileID: 769902560}
  slot1: {fileID: 1818249978}
  slot2: {fileID: 2101579830}
  slot3: {fileID: 1958880036}
  key: {fileID: 980280539}
--- !u!114 &1013196989
MonoBehaviour:
  m_ObjectHideFlags: 0
  m_CorrespondingSourceObject: {fileID: 0}
  m_PrefabInstance: {fileID: 0}
  m_PrefabAsset: {fileID: 0}
  m_GameObject: {fileID: 1013196986}
  m_Enabled: 1
  m_EditorHideFlags: 0
  m_Script: {fileID: 11500000, guid: fe87c0e1cc204ed48ad3b37840f39efc, type: 3}
  m_Name: 
  m_EditorClassIdentifier: 
  m_Material: {fileID: 0}
  m_Color: {r: 1, g: 1, b: 1, a: 1}
  m_RaycastTarget: 1
  m_OnCullStateChanged:
    m_PersistentCalls:
      m_Calls: []
  m_Sprite: {fileID: 21300000, guid: 2f502b49a73de3b4da4da9af6e3bcfc3, type: 3}
  m_Type: 0
  m_PreserveAspect: 0
  m_FillCenter: 1
  m_FillMethod: 4
  m_FillAmount: 1
  m_FillClockwise: 1
  m_FillOrigin: 0
  m_UseSpriteMesh: 0
  m_PixelsPerUnitMultiplier: 1
--- !u!222 &1013196990
CanvasRenderer:
  m_ObjectHideFlags: 0
  m_CorrespondingSourceObject: {fileID: 0}
  m_PrefabInstance: {fileID: 0}
  m_PrefabAsset: {fileID: 0}
  m_GameObject: {fileID: 1013196986}
  m_CullTransparentMesh: 0
--- !u!1 &1076221277
GameObject:
  m_ObjectHideFlags: 0
  m_CorrespondingSourceObject: {fileID: 0}
  m_PrefabInstance: {fileID: 0}
  m_PrefabAsset: {fileID: 0}
  serializedVersion: 6
  m_Component:
  - component: {fileID: 1076221278}
  - component: {fileID: 1076221281}
  - component: {fileID: 1076221280}
  - component: {fileID: 1076221279}
  m_Layer: 5
  m_Name: ColorFilterRW
  m_TagString: Untagged
  m_Icon: {fileID: 0}
  m_NavMeshLayer: 0
  m_StaticEditorFlags: 0
  m_IsActive: 1
--- !u!224 &1076221278
RectTransform:
  m_ObjectHideFlags: 0
  m_CorrespondingSourceObject: {fileID: 0}
  m_PrefabInstance: {fileID: 0}
  m_PrefabAsset: {fileID: 0}
  m_GameObject: {fileID: 1076221277}
  m_LocalRotation: {x: -0, y: -0, z: -0, w: 1}
  m_LocalPosition: {x: 0, y: 0, z: 0}
  m_LocalScale: {x: 50, y: 30, z: 10}
  m_Children: []
  m_Father: {fileID: 559427015}
  m_RootOrder: 0
  m_LocalEulerAnglesHint: {x: 0, y: 0, z: 0}
  m_AnchorMin: {x: 0.5, y: 0.5}
  m_AnchorMax: {x: 0.5, y: 0.5}
  m_AnchoredPosition: {x: -6, y: 9}
  m_SizeDelta: {x: 45, y: 45}
  m_Pivot: {x: 0.5, y: 0.5}
--- !u!95 &1076221279
Animator:
  serializedVersion: 3
  m_ObjectHideFlags: 0
  m_CorrespondingSourceObject: {fileID: 0}
  m_PrefabInstance: {fileID: 0}
  m_PrefabAsset: {fileID: 0}
  m_GameObject: {fileID: 1076221277}
  m_Enabled: 1
  m_Avatar: {fileID: 0}
  m_Controller: {fileID: 9100000, guid: 6be030506398c3e4b86e75c1f9d8d6d1, type: 2}
  m_CullingMode: 0
  m_UpdateMode: 0
  m_ApplyRootMotion: 0
  m_LinearVelocityBlending: 0
  m_WarningMessage: 
  m_HasTransformHierarchy: 1
  m_AllowConstantClipSamplingOptimization: 1
  m_KeepAnimatorControllerStateOnDisable: 0
--- !u!114 &1076221280
MonoBehaviour:
  m_ObjectHideFlags: 0
  m_CorrespondingSourceObject: {fileID: 0}
  m_PrefabInstance: {fileID: 0}
  m_PrefabAsset: {fileID: 0}
  m_GameObject: {fileID: 1076221277}
  m_Enabled: 1
  m_EditorHideFlags: 0
  m_Script: {fileID: 11500000, guid: fe87c0e1cc204ed48ad3b37840f39efc, type: 3}
  m_Name: 
  m_EditorClassIdentifier: 
  m_Material: {fileID: 0}
  m_Color: {r: 0, g: 0, b: 0, a: 0.1764706}
  m_RaycastTarget: 1
  m_OnCullStateChanged:
    m_PersistentCalls:
      m_Calls: []
  m_Sprite: {fileID: 21300000, guid: 34822f791f27a5b429851e21f863ea36, type: 3}
  m_Type: 0
  m_PreserveAspect: 0
  m_FillCenter: 1
  m_FillMethod: 4
  m_FillAmount: 1
  m_FillClockwise: 1
  m_FillOrigin: 0
  m_UseSpriteMesh: 0
  m_PixelsPerUnitMultiplier: 1
--- !u!222 &1076221281
CanvasRenderer:
  m_ObjectHideFlags: 0
  m_CorrespondingSourceObject: {fileID: 0}
  m_PrefabInstance: {fileID: 0}
  m_PrefabAsset: {fileID: 0}
  m_GameObject: {fileID: 1076221277}
  m_CullTransparentMesh: 0
--- !u!1 &1093572679 stripped
GameObject:
  m_CorrespondingSourceObject: {fileID: 152554874726327033, guid: 15ed82304c5faa348a5eeb0c85bab0ba,
    type: 3}
  m_PrefabInstance: {fileID: 472242777}
  m_PrefabAsset: {fileID: 0}
--- !u!114 &1093572683
MonoBehaviour:
  m_ObjectHideFlags: 0
  m_CorrespondingSourceObject: {fileID: 0}
  m_PrefabInstance: {fileID: 0}
  m_PrefabAsset: {fileID: 0}
  m_GameObject: {fileID: 1093572679}
  m_Enabled: 1
  m_EditorHideFlags: 0
  m_Script: {fileID: 11500000, guid: 9c0c0cb59ac41d14499929cab20e5118, type: 3}
  m_Name: 
  m_EditorClassIdentifier: 
  textFiles:
  - {fileID: 4900000, guid: 8c7e2ff9a56134c4384d228e91632063, type: 3}
  - {fileID: 4900000, guid: c0b7b8febb23c154e94098cd7f40d149, type: 3}
  - {fileID: 4900000, guid: 40d7e8bcda26d3f4aa002a3f596c6287, type: 3}
  - {fileID: 4900000, guid: a3e447a7cef2bbd44a1fd7a535083450, type: 3}
  - {fileID: 4900000, guid: 3cf7a8e097909ee46bad8b51418e35e7, type: 3}
  typingDelay: 0.1
  finished: 0
  speechBox: {fileID: 2063143846}
--- !u!1 &1097320341 stripped
GameObject:
  m_CorrespondingSourceObject: {fileID: 5128696910049005599, guid: 4fa7705bd4fc8f742b73ef0adbfcf879,
    type: 3}
  m_PrefabInstance: {fileID: 1808736072}
  m_PrefabAsset: {fileID: 0}
--- !u!114 &1097320343
MonoBehaviour:
  m_ObjectHideFlags: 3
  m_CorrespondingSourceObject: {fileID: 0}
  m_PrefabInstance: {fileID: 0}
  m_PrefabAsset: {fileID: 0}
  m_GameObject: {fileID: 1097320341}
  m_Enabled: 1
  m_EditorHideFlags: 0
  m_Script: {fileID: 11500000, guid: 1e8b78ac948f05a46a6d8339a503172b, type: 3}
  m_Name: 
  m_EditorClassIdentifier: 
--- !u!114 &1097320345
MonoBehaviour:
  m_ObjectHideFlags: 3
  m_CorrespondingSourceObject: {fileID: 0}
  m_PrefabInstance: {fileID: 0}
  m_PrefabAsset: {fileID: 0}
  m_GameObject: {fileID: 1097320341}
  m_Enabled: 1
  m_EditorHideFlags: 0
  m_Script: {fileID: 11500000, guid: 6ad980451443d70438faac0bc6c235a0, type: 3}
  m_Name: 
  m_EditorClassIdentifier: 
  m_LookaheadTime: 0
  m_LookaheadSmoothing: 10
  m_LookaheadIgnoreY: 0
  m_XDamping: 1
  m_YDamping: 1
  m_ZDamping: 1
  m_ScreenX: 0.5
  m_ScreenY: 0.5
  m_CameraDistance: 10
  m_DeadZoneWidth: 0.15
  m_DeadZoneHeight: 0.25
  m_DeadZoneDepth: 0
  m_UnlimitedSoftZone: 0
  m_SoftZoneWidth: 0.8
  m_SoftZoneHeight: 0.8
  m_BiasX: 0
  m_BiasY: 0
  m_CenterOnActivate: 1
  m_GroupFramingMode: 2
  m_AdjustmentMode: 2
  m_GroupFramingSize: 0.8
  m_MaxDollyIn: 5000
  m_MaxDollyOut: 5000
  m_MinimumDistance: 1
  m_MaximumDistance: 5000
  m_MinimumFOV: 3
  m_MaximumFOV: 60
  m_MinimumOrthoSize: 1
  m_MaximumOrthoSize: 5000
--- !u!1 &1110247864 stripped
GameObject:
  m_CorrespondingSourceObject: {fileID: 7074838058315342880, guid: 1a13edb54c431e740ac4fa081c87f1bb,
    type: 3}
  m_PrefabInstance: {fileID: 2044366601}
  m_PrefabAsset: {fileID: 0}
--- !u!1 &1130097808 stripped
GameObject:
  m_CorrespondingSourceObject: {fileID: 516468344282013788, guid: b54452c530054904c974b47324f756ef,
    type: 3}
  m_PrefabInstance: {fileID: 245358640}
  m_PrefabAsset: {fileID: 0}
--- !u!1 &1258050147
GameObject:
  m_ObjectHideFlags: 0
  m_CorrespondingSourceObject: {fileID: 0}
  m_PrefabInstance: {fileID: 0}
  m_PrefabAsset: {fileID: 0}
  serializedVersion: 6
  m_Component:
  - component: {fileID: 1258050150}
  - component: {fileID: 1258050149}
  - component: {fileID: 1258050148}
  m_Layer: 0
  m_Name: EventSystem
  m_TagString: Untagged
  m_Icon: {fileID: 0}
  m_NavMeshLayer: 0
  m_StaticEditorFlags: 0
  m_IsActive: 1
--- !u!114 &1258050148
MonoBehaviour:
  m_ObjectHideFlags: 0
  m_CorrespondingSourceObject: {fileID: 0}
  m_PrefabInstance: {fileID: 0}
  m_PrefabAsset: {fileID: 0}
  m_GameObject: {fileID: 1258050147}
  m_Enabled: 1
  m_EditorHideFlags: 0
  m_Script: {fileID: 11500000, guid: 4f231c4fb786f3946a6b90b886c48677, type: 3}
  m_Name: 
  m_EditorClassIdentifier: 
  m_HorizontalAxis: Horizontal
  m_VerticalAxis: Vertical
  m_SubmitButton: Submit
  m_CancelButton: Cancel
  m_InputActionsPerSecond: 10
  m_RepeatDelay: 0.5
  m_ForceModuleActive: 0
--- !u!114 &1258050149
MonoBehaviour:
  m_ObjectHideFlags: 0
  m_CorrespondingSourceObject: {fileID: 0}
  m_PrefabInstance: {fileID: 0}
  m_PrefabAsset: {fileID: 0}
  m_GameObject: {fileID: 1258050147}
  m_Enabled: 1
  m_EditorHideFlags: 0
  m_Script: {fileID: 11500000, guid: 76c392e42b5098c458856cdf6ecaaaa1, type: 3}
  m_Name: 
  m_EditorClassIdentifier: 
  m_FirstSelected: {fileID: 0}
  m_sendNavigationEvents: 1
  m_DragThreshold: 10
--- !u!4 &1258050150
Transform:
  m_ObjectHideFlags: 0
  m_CorrespondingSourceObject: {fileID: 0}
  m_PrefabInstance: {fileID: 0}
  m_PrefabAsset: {fileID: 0}
  m_GameObject: {fileID: 1258050147}
  m_LocalRotation: {x: 0, y: 0, z: 0, w: 1}
  m_LocalPosition: {x: 0, y: 0, z: 0}
  m_LocalScale: {x: 1, y: 1, z: 1}
  m_Children: []
  m_Father: {fileID: 0}
  m_RootOrder: 7
  m_LocalEulerAnglesHint: {x: 0, y: 0, z: 0}
--- !u!4 &1405950978 stripped
Transform:
  m_CorrespondingSourceObject: {fileID: 152554875025830724, guid: 15ed82304c5faa348a5eeb0c85bab0ba,
    type: 3}
  m_PrefabInstance: {fileID: 472242777}
  m_PrefabAsset: {fileID: 0}
--- !u!1839735485 &1447775332 stripped
Tilemap:
  m_CorrespondingSourceObject: {fileID: 152554875125713867, guid: 15ed82304c5faa348a5eeb0c85bab0ba,
    type: 3}
  m_PrefabInstance: {fileID: 472242777}
  m_PrefabAsset: {fileID: 0}
--- !u!1 &1453416383 stripped
GameObject:
  m_CorrespondingSourceObject: {fileID: 6953390054681088672, guid: 8af8f344865abbb4c85abeb2e1c523fc,
    type: 3}
  m_PrefabInstance: {fileID: 1634850550}
  m_PrefabAsset: {fileID: 0}
--- !u!1 &1529623320
GameObject:
  m_ObjectHideFlags: 0
  m_CorrespondingSourceObject: {fileID: 0}
  m_PrefabInstance: {fileID: 0}
  m_PrefabAsset: {fileID: 0}
  serializedVersion: 6
  m_Component:
  - component: {fileID: 1529623321}
  - component: {fileID: 1529623323}
  - component: {fileID: 1529623322}
  m_Layer: 5
  m_Name: ColorFilterDW
  m_TagString: Untagged
  m_Icon: {fileID: 0}
  m_NavMeshLayer: 0
  m_StaticEditorFlags: 0
  m_IsActive: 1
--- !u!224 &1529623321
RectTransform:
  m_ObjectHideFlags: 0
  m_CorrespondingSourceObject: {fileID: 0}
  m_PrefabInstance: {fileID: 0}
  m_PrefabAsset: {fileID: 0}
  m_GameObject: {fileID: 1529623320}
  m_LocalRotation: {x: -0, y: -0, z: -0, w: 1}
  m_LocalPosition: {x: 0, y: 0, z: 0}
  m_LocalScale: {x: 43, y: 24, z: 1}
  m_Children: []
  m_Father: {fileID: 559427015}
  m_RootOrder: 1
  m_LocalEulerAnglesHint: {x: 0, y: 0, z: 0}
  m_AnchorMin: {x: 0.5, y: 0.5}
  m_AnchorMax: {x: 0.5, y: 0.5}
  m_AnchoredPosition: {x: -4, y: -1}
  m_SizeDelta: {x: 45, y: 45}
  m_Pivot: {x: 0.5, y: 0.5}
--- !u!114 &1529623322
MonoBehaviour:
  m_ObjectHideFlags: 0
  m_CorrespondingSourceObject: {fileID: 0}
  m_PrefabInstance: {fileID: 0}
  m_PrefabAsset: {fileID: 0}
  m_GameObject: {fileID: 1529623320}
  m_Enabled: 1
  m_EditorHideFlags: 0
  m_Script: {fileID: 11500000, guid: fe87c0e1cc204ed48ad3b37840f39efc, type: 3}
  m_Name: 
  m_EditorClassIdentifier: 
  m_Material: {fileID: 0}
  m_Color: {r: 1, g: 1, b: 1, a: 0.47058824}
  m_RaycastTarget: 1
  m_OnCullStateChanged:
    m_PersistentCalls:
      m_Calls: []
  m_Sprite: {fileID: 21300000, guid: db0acff967a29f14bbd4bfee8f4ebe44, type: 3}
  m_Type: 0
  m_PreserveAspect: 0
  m_FillCenter: 1
  m_FillMethod: 4
  m_FillAmount: 1
  m_FillClockwise: 1
  m_FillOrigin: 0
  m_UseSpriteMesh: 0
  m_PixelsPerUnitMultiplier: 1
--- !u!222 &1529623323
CanvasRenderer:
  m_ObjectHideFlags: 0
  m_CorrespondingSourceObject: {fileID: 0}
  m_PrefabInstance: {fileID: 0}
  m_PrefabAsset: {fileID: 0}
  m_GameObject: {fileID: 1529623320}
  m_CullTransparentMesh: 0
--- !u!1001 &1634850550
PrefabInstance:
  m_ObjectHideFlags: 0
  serializedVersion: 2
  m_Modification:
    m_TransformParent: {fileID: 0}
    m_Modifications:
    - target: {fileID: 6953390054681088672, guid: 8af8f344865abbb4c85abeb2e1c523fc,
        type: 3}
      propertyPath: m_Name
      value: Cam_04_EndChapter
      objectReference: {fileID: 0}
    - target: {fileID: 1839937655, guid: 8af8f344865abbb4c85abeb2e1c523fc, type: 3}
      propertyPath: m_IsActive
      value: 1
      objectReference: {fileID: 0}
    - target: {fileID: 6953390054681088687, guid: 8af8f344865abbb4c85abeb2e1c523fc,
        type: 3}
      propertyPath: m_LocalPosition.x
      value: 8.3
      objectReference: {fileID: 0}
    - target: {fileID: 6953390054681088687, guid: 8af8f344865abbb4c85abeb2e1c523fc,
        type: 3}
      propertyPath: m_LocalPosition.y
      value: 0.7
      objectReference: {fileID: 0}
    - target: {fileID: 6953390054681088687, guid: 8af8f344865abbb4c85abeb2e1c523fc,
        type: 3}
      propertyPath: m_LocalPosition.z
      value: -22.189453
      objectReference: {fileID: 0}
    - target: {fileID: 6953390054681088687, guid: 8af8f344865abbb4c85abeb2e1c523fc,
        type: 3}
      propertyPath: m_LocalRotation.x
      value: 0
      objectReference: {fileID: 0}
    - target: {fileID: 6953390054681088687, guid: 8af8f344865abbb4c85abeb2e1c523fc,
        type: 3}
      propertyPath: m_LocalRotation.y
      value: 0
      objectReference: {fileID: 0}
    - target: {fileID: 6953390054681088687, guid: 8af8f344865abbb4c85abeb2e1c523fc,
        type: 3}
      propertyPath: m_LocalRotation.z
      value: 0
      objectReference: {fileID: 0}
    - target: {fileID: 6953390054681088687, guid: 8af8f344865abbb4c85abeb2e1c523fc,
        type: 3}
      propertyPath: m_LocalRotation.w
      value: 1
      objectReference: {fileID: 0}
    - target: {fileID: 6953390054681088687, guid: 8af8f344865abbb4c85abeb2e1c523fc,
        type: 3}
      propertyPath: m_RootOrder
      value: 11
      objectReference: {fileID: 0}
    - target: {fileID: 6953390054681088687, guid: 8af8f344865abbb4c85abeb2e1c523fc,
        type: 3}
      propertyPath: m_LocalEulerAnglesHint.x
      value: 0
      objectReference: {fileID: 0}
    - target: {fileID: 6953390054681088687, guid: 8af8f344865abbb4c85abeb2e1c523fc,
        type: 3}
      propertyPath: m_LocalEulerAnglesHint.y
      value: 0
      objectReference: {fileID: 0}
    - target: {fileID: 6953390054681088687, guid: 8af8f344865abbb4c85abeb2e1c523fc,
        type: 3}
      propertyPath: m_LocalEulerAnglesHint.z
      value: 0
      objectReference: {fileID: 0}
    - target: {fileID: 6953390055638517635, guid: 8af8f344865abbb4c85abeb2e1c523fc,
        type: 3}
      propertyPath: m_Follow
      value: 
      objectReference: {fileID: 769902565}
    - target: {fileID: 6953390055672274480, guid: 8af8f344865abbb4c85abeb2e1c523fc,
        type: 3}
      propertyPath: m_Follow
      value: 
      objectReference: {fileID: 769902565}
    - target: {fileID: 6953390055938648109, guid: 8af8f344865abbb4c85abeb2e1c523fc,
        type: 3}
      propertyPath: m_Follow
      value: 
      objectReference: {fileID: 769902565}
    - target: {fileID: 1165920676, guid: 8af8f344865abbb4c85abeb2e1c523fc, type: 3}
      propertyPath: m_Follow
      value: 
      objectReference: {fileID: 769902565}
    - target: {fileID: 6953390055672274482, guid: 8af8f344865abbb4c85abeb2e1c523fc,
        type: 3}
      propertyPath: m_LocalPosition.x
      value: -7.0156236
      objectReference: {fileID: 0}
    - target: {fileID: 1165920674, guid: 8af8f344865abbb4c85abeb2e1c523fc, type: 3}
      propertyPath: m_LocalPosition.x
      value: -5.2384353
      objectReference: {fileID: 0}
    m_RemovedComponents:
    - {fileID: 6953390056772407990, guid: 8af8f344865abbb4c85abeb2e1c523fc, type: 3}
  m_SourcePrefab: {fileID: 100100000, guid: 8af8f344865abbb4c85abeb2e1c523fc, type: 3}
--- !u!1 &1721798130
GameObject:
  m_ObjectHideFlags: 0
  m_CorrespondingSourceObject: {fileID: 0}
  m_PrefabInstance: {fileID: 0}
  m_PrefabAsset: {fileID: 0}
  serializedVersion: 6
  m_Component:
  - component: {fileID: 1721798131}
  m_Layer: 0
  m_Name: TriggerCam
  m_TagString: Untagged
  m_Icon: {fileID: 0}
  m_NavMeshLayer: 0
  m_StaticEditorFlags: 0
  m_IsActive: 1
--- !u!4 &1721798131
Transform:
  m_ObjectHideFlags: 0
  m_CorrespondingSourceObject: {fileID: 0}
  m_PrefabInstance: {fileID: 0}
  m_PrefabAsset: {fileID: 0}
  m_GameObject: {fileID: 1721798130}
  m_LocalRotation: {x: 0, y: 0, z: 0, w: 1}
  m_LocalPosition: {x: 0, y: 0, z: 0}
  m_LocalScale: {x: 1, y: 1, z: 1}
  m_Children: []
  m_Father: {fileID: 923691043}
  m_RootOrder: 3
  m_LocalEulerAnglesHint: {x: 0, y: 0, z: 0}
--- !u!1001 &1808736072
PrefabInstance:
  m_ObjectHideFlags: 0
  serializedVersion: 2
  m_Modification:
    m_TransformParent: {fileID: 0}
    m_Modifications:
    - target: {fileID: 5128696909756535430, guid: 4fa7705bd4fc8f742b73ef0adbfcf879,
        type: 3}
      propertyPath: m_Name
      value: Cam_02_CorridorToCave
      objectReference: {fileID: 0}
    - target: {fileID: 5128696909756535430, guid: 4fa7705bd4fc8f742b73ef0adbfcf879,
        type: 3}
      propertyPath: m_IsActive
      value: 1
      objectReference: {fileID: 0}
    - target: {fileID: 5128696909756535425, guid: 4fa7705bd4fc8f742b73ef0adbfcf879,
        type: 3}
      propertyPath: m_LocalPosition.x
      value: 7.8716984
      objectReference: {fileID: 0}
    - target: {fileID: 5128696909756535425, guid: 4fa7705bd4fc8f742b73ef0adbfcf879,
        type: 3}
      propertyPath: m_LocalPosition.y
      value: 0.71299857
      objectReference: {fileID: 0}
    - target: {fileID: 5128696909756535425, guid: 4fa7705bd4fc8f742b73ef0adbfcf879,
        type: 3}
      propertyPath: m_LocalPosition.z
      value: -22.189453
      objectReference: {fileID: 0}
    - target: {fileID: 5128696909756535425, guid: 4fa7705bd4fc8f742b73ef0adbfcf879,
        type: 3}
      propertyPath: m_LocalRotation.x
      value: 0
      objectReference: {fileID: 0}
    - target: {fileID: 5128696909756535425, guid: 4fa7705bd4fc8f742b73ef0adbfcf879,
        type: 3}
      propertyPath: m_LocalRotation.y
      value: 0
      objectReference: {fileID: 0}
    - target: {fileID: 5128696909756535425, guid: 4fa7705bd4fc8f742b73ef0adbfcf879,
        type: 3}
      propertyPath: m_LocalRotation.z
      value: 0
      objectReference: {fileID: 0}
    - target: {fileID: 5128696909756535425, guid: 4fa7705bd4fc8f742b73ef0adbfcf879,
        type: 3}
      propertyPath: m_LocalRotation.w
      value: 1
      objectReference: {fileID: 0}
    - target: {fileID: 5128696909756535425, guid: 4fa7705bd4fc8f742b73ef0adbfcf879,
        type: 3}
      propertyPath: m_RootOrder
      value: 9
      objectReference: {fileID: 0}
    - target: {fileID: 5128696909756535425, guid: 4fa7705bd4fc8f742b73ef0adbfcf879,
        type: 3}
      propertyPath: m_LocalEulerAnglesHint.x
      value: 0
      objectReference: {fileID: 0}
    - target: {fileID: 5128696909756535425, guid: 4fa7705bd4fc8f742b73ef0adbfcf879,
        type: 3}
      propertyPath: m_LocalEulerAnglesHint.y
      value: 0
      objectReference: {fileID: 0}
    - target: {fileID: 5128696909756535425, guid: 4fa7705bd4fc8f742b73ef0adbfcf879,
        type: 3}
      propertyPath: m_LocalEulerAnglesHint.z
      value: 0
      objectReference: {fileID: 0}
    - target: {fileID: 5128696911324338485, guid: 4fa7705bd4fc8f742b73ef0adbfcf879,
        type: 3}
      propertyPath: m_LocalPosition.x
      value: 64.1132
      objectReference: {fileID: 0}
    - target: {fileID: 5128696911324338485, guid: 4fa7705bd4fc8f742b73ef0adbfcf879,
        type: 3}
      propertyPath: m_LocalPosition.y
      value: -5.8029985
      objectReference: {fileID: 0}
    - target: {fileID: 5128696909424609134, guid: 4fa7705bd4fc8f742b73ef0adbfcf879,
        type: 3}
      propertyPath: m_LocalPosition.x
      value: -10.141699
      objectReference: {fileID: 0}
    - target: {fileID: 5128696909424609134, guid: 4fa7705bd4fc8f742b73ef0adbfcf879,
        type: 3}
      propertyPath: m_LocalPosition.y
      value: -0.112998545
      objectReference: {fileID: 0}
    - target: {fileID: 5128696909424609134, guid: 4fa7705bd4fc8f742b73ef0adbfcf879,
        type: 3}
      propertyPath: m_LocalPosition.z
      value: 12.189453
      objectReference: {fileID: 0}
    - target: {fileID: 5128696911324338490, guid: 4fa7705bd4fc8f742b73ef0adbfcf879,
        type: 3}
      propertyPath: m_IsActive
      value: 0
      objectReference: {fileID: 0}
    - target: {fileID: 5128696909424609128, guid: 4fa7705bd4fc8f742b73ef0adbfcf879,
        type: 3}
      propertyPath: m_Priority
      value: 31
      objectReference: {fileID: 0}
    - target: {fileID: 5128696909424609128, guid: 4fa7705bd4fc8f742b73ef0adbfcf879,
        type: 3}
      propertyPath: m_Follow
      value: 
      objectReference: {fileID: 769902565}
    - target: {fileID: 5128696911324338482, guid: 4fa7705bd4fc8f742b73ef0adbfcf879,
        type: 3}
      propertyPath: orthographic size
      value: 4
      objectReference: {fileID: 0}
    - target: {fileID: 5128696910049005593, guid: 4fa7705bd4fc8f742b73ef0adbfcf879,
        type: 3}
      propertyPath: m_CenterOnActivate
      value: 0
      objectReference: {fileID: 0}
    m_RemovedComponents:
    - {fileID: 5128696910049005593, guid: 4fa7705bd4fc8f742b73ef0adbfcf879, type: 3}
    - {fileID: 5128696911324338483, guid: 4fa7705bd4fc8f742b73ef0adbfcf879, type: 3}
  m_SourcePrefab: {fileID: 100100000, guid: 4fa7705bd4fc8f742b73ef0adbfcf879, type: 3}
--- !u!1 &1808736073 stripped
GameObject:
  m_CorrespondingSourceObject: {fileID: 5128696909756535430, guid: 4fa7705bd4fc8f742b73ef0adbfcf879,
    type: 3}
  m_PrefabInstance: {fileID: 1808736072}
  m_PrefabAsset: {fileID: 0}
--- !u!4 &1808736074 stripped
Transform:
  m_CorrespondingSourceObject: {fileID: 5128696909756535425, guid: 4fa7705bd4fc8f742b73ef0adbfcf879,
    type: 3}
  m_PrefabInstance: {fileID: 1808736072}
  m_PrefabAsset: {fileID: 0}
--- !u!1839735485 &1814647035 stripped
Tilemap:
  m_CorrespondingSourceObject: {fileID: 152554876069960441, guid: 15ed82304c5faa348a5eeb0c85bab0ba,
    type: 3}
  m_PrefabInstance: {fileID: 472242777}
  m_PrefabAsset: {fileID: 0}
--- !u!1 &1818249978
GameObject:
  m_ObjectHideFlags: 0
  m_CorrespondingSourceObject: {fileID: 0}
  m_PrefabInstance: {fileID: 0}
  m_PrefabAsset: {fileID: 0}
  serializedVersion: 6
  m_Component:
  - component: {fileID: 1818249979}
  - component: {fileID: 1818249981}
  - component: {fileID: 1818249980}
  m_Layer: 5
  m_Name: BatterySprite
  m_TagString: Untagged
  m_Icon: {fileID: 0}
  m_NavMeshLayer: 0
  m_StaticEditorFlags: 0
  m_IsActive: 1
--- !u!224 &1818249979
RectTransform:
  m_ObjectHideFlags: 0
  m_CorrespondingSourceObject: {fileID: 0}
  m_PrefabInstance: {fileID: 0}
  m_PrefabAsset: {fileID: 0}
  m_GameObject: {fileID: 1818249978}
  m_LocalRotation: {x: 0, y: 0, z: 0, w: 1}
  m_LocalPosition: {x: 0, y: 0, z: 0}
  m_LocalScale: {x: 1, y: 1, z: 1}
  m_Children: []
  m_Father: {fileID: 1013196987}
  m_RootOrder: 0
  m_LocalEulerAnglesHint: {x: 0, y: 0, z: 0}
  m_AnchorMin: {x: 0.5, y: 0.5}
  m_AnchorMax: {x: 0.5, y: 0.5}
  m_AnchoredPosition: {x: -42.5, y: -27.9}
  m_SizeDelta: {x: 45, y: 45}
  m_Pivot: {x: 0.5, y: 0.5}
--- !u!114 &1818249980
MonoBehaviour:
  m_ObjectHideFlags: 0
  m_CorrespondingSourceObject: {fileID: 0}
  m_PrefabInstance: {fileID: 0}
  m_PrefabAsset: {fileID: 0}
  m_GameObject: {fileID: 1818249978}
  m_Enabled: 1
  m_EditorHideFlags: 0
  m_Script: {fileID: 11500000, guid: fe87c0e1cc204ed48ad3b37840f39efc, type: 3}
  m_Name: 
  m_EditorClassIdentifier: 
  m_Material: {fileID: 0}
  m_Color: {r: 1, g: 1, b: 1, a: 1}
  m_RaycastTarget: 1
  m_OnCullStateChanged:
    m_PersistentCalls:
      m_Calls: []
  m_Sprite: {fileID: -2064859774160998932, guid: 8648791053424414482d68b34b7ea31d,
    type: 3}
  m_Type: 0
  m_PreserveAspect: 0
  m_FillCenter: 1
  m_FillMethod: 4
  m_FillAmount: 1
  m_FillClockwise: 1
  m_FillOrigin: 0
  m_UseSpriteMesh: 0
  m_PixelsPerUnitMultiplier: 1
--- !u!222 &1818249981
CanvasRenderer:
  m_ObjectHideFlags: 0
  m_CorrespondingSourceObject: {fileID: 0}
  m_PrefabInstance: {fileID: 0}
  m_PrefabAsset: {fileID: 0}
  m_GameObject: {fileID: 1818249978}
  m_CullTransparentMesh: 0
--- !u!1 &1958880036
GameObject:
  m_ObjectHideFlags: 0
  m_CorrespondingSourceObject: {fileID: 0}
  m_PrefabInstance: {fileID: 0}
  m_PrefabAsset: {fileID: 0}
  serializedVersion: 6
  m_Component:
  - component: {fileID: 1958880037}
  - component: {fileID: 1958880039}
  - component: {fileID: 1958880038}
  m_Layer: 5
  m_Name: BatterySprite (2)
  m_TagString: Untagged
  m_Icon: {fileID: 0}
  m_NavMeshLayer: 0
  m_StaticEditorFlags: 0
  m_IsActive: 1
--- !u!224 &1958880037
RectTransform:
  m_ObjectHideFlags: 0
  m_CorrespondingSourceObject: {fileID: 0}
  m_PrefabInstance: {fileID: 0}
  m_PrefabAsset: {fileID: 0}
  m_GameObject: {fileID: 1958880036}
  m_LocalRotation: {x: 0, y: 0, z: 0, w: 1}
  m_LocalPosition: {x: 0, y: 0, z: 0}
  m_LocalScale: {x: 1, y: 1, z: 1}
  m_Children: []
  m_Father: {fileID: 1013196987}
  m_RootOrder: 2
  m_LocalEulerAnglesHint: {x: 0, y: 0, z: 0}
  m_AnchorMin: {x: 0.5, y: 0.5}
  m_AnchorMax: {x: 0.5, y: 0.5}
  m_AnchoredPosition: {x: 86.3, y: -27.3}
  m_SizeDelta: {x: 45, y: 45}
  m_Pivot: {x: 0.5, y: 0.5}
--- !u!114 &1958880038
MonoBehaviour:
  m_ObjectHideFlags: 0
  m_CorrespondingSourceObject: {fileID: 0}
  m_PrefabInstance: {fileID: 0}
  m_PrefabAsset: {fileID: 0}
  m_GameObject: {fileID: 1958880036}
  m_Enabled: 1
  m_EditorHideFlags: 0
  m_Script: {fileID: 11500000, guid: fe87c0e1cc204ed48ad3b37840f39efc, type: 3}
  m_Name: 
  m_EditorClassIdentifier: 
  m_Material: {fileID: 0}
  m_Color: {r: 1, g: 1, b: 1, a: 1}
  m_RaycastTarget: 1
  m_OnCullStateChanged:
    m_PersistentCalls:
      m_Calls: []
  m_Sprite: {fileID: -2064859774160998932, guid: 8648791053424414482d68b34b7ea31d,
    type: 3}
  m_Type: 0
  m_PreserveAspect: 0
  m_FillCenter: 1
  m_FillMethod: 4
  m_FillAmount: 1
  m_FillClockwise: 1
  m_FillOrigin: 0
  m_UseSpriteMesh: 0
  m_PixelsPerUnitMultiplier: 1
--- !u!222 &1958880039
CanvasRenderer:
  m_ObjectHideFlags: 0
  m_CorrespondingSourceObject: {fileID: 0}
  m_PrefabInstance: {fileID: 0}
  m_PrefabAsset: {fileID: 0}
  m_GameObject: {fileID: 1958880036}
  m_CullTransparentMesh: 0
--- !u!1001 &2044366601
PrefabInstance:
  m_ObjectHideFlags: 0
  serializedVersion: 2
  m_Modification:
    m_TransformParent: {fileID: 0}
    m_Modifications:
    - target: {fileID: 7074838058362590709, guid: 1a13edb54c431e740ac4fa081c87f1bb,
        type: 3}
      propertyPath: m_Name
      value: Cam_03_Basement
      objectReference: {fileID: 0}
    - target: {fileID: 7074838058315342880, guid: 1a13edb54c431e740ac4fa081c87f1bb,
        type: 3}
      propertyPath: m_IsActive
      value: 0
      objectReference: {fileID: 0}
    - target: {fileID: 7074838058362590714, guid: 1a13edb54c431e740ac4fa081c87f1bb,
        type: 3}
      propertyPath: m_LocalPosition.x
      value: 8.3
      objectReference: {fileID: 0}
    - target: {fileID: 7074838058362590714, guid: 1a13edb54c431e740ac4fa081c87f1bb,
        type: 3}
      propertyPath: m_LocalPosition.y
      value: 0.7
      objectReference: {fileID: 0}
    - target: {fileID: 7074838058362590714, guid: 1a13edb54c431e740ac4fa081c87f1bb,
        type: 3}
      propertyPath: m_LocalPosition.z
      value: -22.189453
      objectReference: {fileID: 0}
    - target: {fileID: 7074838058362590714, guid: 1a13edb54c431e740ac4fa081c87f1bb,
        type: 3}
      propertyPath: m_LocalRotation.x
      value: 0
      objectReference: {fileID: 0}
    - target: {fileID: 7074838058362590714, guid: 1a13edb54c431e740ac4fa081c87f1bb,
        type: 3}
      propertyPath: m_LocalRotation.y
      value: 0
      objectReference: {fileID: 0}
    - target: {fileID: 7074838058362590714, guid: 1a13edb54c431e740ac4fa081c87f1bb,
        type: 3}
      propertyPath: m_LocalRotation.z
      value: 0
      objectReference: {fileID: 0}
    - target: {fileID: 7074838058362590714, guid: 1a13edb54c431e740ac4fa081c87f1bb,
        type: 3}
      propertyPath: m_LocalRotation.w
      value: 1
      objectReference: {fileID: 0}
    - target: {fileID: 7074838058362590714, guid: 1a13edb54c431e740ac4fa081c87f1bb,
        type: 3}
      propertyPath: m_RootOrder
      value: 10
      objectReference: {fileID: 0}
    - target: {fileID: 7074838058362590714, guid: 1a13edb54c431e740ac4fa081c87f1bb,
        type: 3}
      propertyPath: m_LocalEulerAnglesHint.x
      value: 0
      objectReference: {fileID: 0}
    - target: {fileID: 7074838058362590714, guid: 1a13edb54c431e740ac4fa081c87f1bb,
        type: 3}
      propertyPath: m_LocalEulerAnglesHint.y
      value: 0
      objectReference: {fileID: 0}
    - target: {fileID: 7074838058362590714, guid: 1a13edb54c431e740ac4fa081c87f1bb,
        type: 3}
      propertyPath: m_LocalEulerAnglesHint.z
      value: 0
      objectReference: {fileID: 0}
    - target: {fileID: 7074838057729831874, guid: 1a13edb54c431e740ac4fa081c87f1bb,
        type: 3}
      propertyPath: m_Follow
      value: 
      objectReference: {fileID: 769902565}
    - target: {fileID: 7074838057934912911, guid: 1a13edb54c431e740ac4fa081c87f1bb,
        type: 3}
      propertyPath: m_Follow
      value: 
      objectReference: {fileID: 769902565}
    - target: {fileID: 7074838058378822032, guid: 1a13edb54c431e740ac4fa081c87f1bb,
        type: 3}
      propertyPath: m_Follow
      value: 
      objectReference: {fileID: 769902565}
    - target: {fileID: 7074838058661415568, guid: 1a13edb54c431e740ac4fa081c87f1bb,
        type: 3}
      propertyPath: m_Follow
      value: 
      objectReference: {fileID: 769902565}
    - target: {fileID: 695665076, guid: 1a13edb54c431e740ac4fa081c87f1bb, type: 3}
      propertyPath: eventEnter.m_PersistentCalls.m_Calls.Array.data[0].m_Target
      value: 
      objectReference: {fileID: 56036722}
    - target: {fileID: 490966156, guid: 1a13edb54c431e740ac4fa081c87f1bb, type: 3}
      propertyPath: eventEnter.m_PersistentCalls.m_Calls.Array.data[0].m_Target
      value: 
      objectReference: {fileID: 56036722}
    m_RemovedComponents:
    - {fileID: 7074838057232029155, guid: 1a13edb54c431e740ac4fa081c87f1bb, type: 3}
  m_SourcePrefab: {fileID: 100100000, guid: 1a13edb54c431e740ac4fa081c87f1bb, type: 3}
--- !u!1 &2048339339
GameObject:
  m_ObjectHideFlags: 0
  m_CorrespondingSourceObject: {fileID: 0}
  m_PrefabInstance: {fileID: 0}
  m_PrefabAsset: {fileID: 0}
  serializedVersion: 6
  m_Component:
  - component: {fileID: 2048339341}
  - component: {fileID: 2048339340}
  - component: {fileID: 2048339342}
  m_Layer: 0
  m_Name: CM vcam1
  m_TagString: Untagged
  m_Icon: {fileID: 0}
  m_NavMeshLayer: 0
  m_StaticEditorFlags: 0
  m_IsActive: 0
--- !u!114 &2048339340
MonoBehaviour:
  m_ObjectHideFlags: 0
  m_CorrespondingSourceObject: {fileID: 0}
  m_PrefabInstance: {fileID: 0}
  m_PrefabAsset: {fileID: 0}
  m_GameObject: {fileID: 2048339339}
  m_Enabled: 1
  m_EditorHideFlags: 0
  m_Script: {fileID: 11500000, guid: 45e653bab7fb20e499bda25e1b646fea, type: 3}
  m_Name: 
  m_EditorClassIdentifier: 
  m_ExcludedPropertiesInInspector:
  - m_Script
  m_LockStageInInspector: 
  m_StreamingVersion: 20170927
  m_Priority: 1
  m_StandbyUpdate: 2
  m_LookAt: {fileID: 0}
  m_Follow: {fileID: 769902565}
  m_Lens:
    FieldOfView: 40
    OrthographicSize: 5
    NearClipPlane: 0.1
    FarClipPlane: 5000
    Dutch: 0
    LensShift: {x: 0, y: 0}
  m_Transitions:
    m_BlendHint: 0
    m_InheritPosition: 0
    m_OnCameraLive:
      m_PersistentCalls:
        m_Calls: []
  m_LegacyBlendHint: 0
  m_ComponentOwner: {fileID: 315848290}
--- !u!4 &2048339341
Transform:
  m_ObjectHideFlags: 0
  m_CorrespondingSourceObject: {fileID: 0}
  m_PrefabInstance: {fileID: 0}
  m_PrefabAsset: {fileID: 0}
  m_GameObject: {fileID: 2048339339}
  m_LocalRotation: {x: -0, y: -0, z: -0, w: 1}
  m_LocalPosition: {x: -19.443071, y: 8.016417, z: 167.57541}
  m_LocalScale: {x: 1, y: 1, z: 1}
  m_Children:
  - {fileID: 315848290}
  m_Father: {fileID: 164869021}
  m_RootOrder: 1
  m_LocalEulerAnglesHint: {x: 0, y: 0, z: 0}
--- !u!114 &2048339342
MonoBehaviour:
  m_ObjectHideFlags: 0
  m_CorrespondingSourceObject: {fileID: 0}
  m_PrefabInstance: {fileID: 0}
  m_PrefabAsset: {fileID: 0}
  m_GameObject: {fileID: 2048339339}
  m_Enabled: 1
  m_EditorHideFlags: 0
  m_Script: {fileID: 11500000, guid: a2fba25a5cd15594e8f050a11e386c80, type: 3}
  m_Name: 
  m_EditorClassIdentifier: 
  m_ConfineMode: 0
  m_BoundingVolume: {fileID: 0}
  m_BoundingShape2D: {fileID: 626599423}
  m_ConfineScreenEdges: 1
  m_Damping: 0
--- !u!114 &2063143846 stripped
MonoBehaviour:
  m_CorrespondingSourceObject: {fileID: 516468344945508435, guid: b54452c530054904c974b47324f756ef,
    type: 3}
  m_PrefabInstance: {fileID: 245358640}
  m_PrefabAsset: {fileID: 0}
  m_GameObject: {fileID: 0}
  m_Enabled: 1
  m_EditorHideFlags: 0
  m_Script: {fileID: 11500000, guid: f4688fdb7df04437aeb418b961361dc5, type: 3}
  m_Name: 
  m_EditorClassIdentifier: 
--- !u!1 &2101579830
GameObject:
  m_ObjectHideFlags: 0
  m_CorrespondingSourceObject: {fileID: 0}
  m_PrefabInstance: {fileID: 0}
  m_PrefabAsset: {fileID: 0}
  serializedVersion: 6
  m_Component:
  - component: {fileID: 2101579831}
  - component: {fileID: 2101579833}
  - component: {fileID: 2101579832}
  m_Layer: 5
  m_Name: BatterySprite (1)
  m_TagString: Untagged
  m_Icon: {fileID: 0}
  m_NavMeshLayer: 0
  m_StaticEditorFlags: 0
  m_IsActive: 1
--- !u!224 &2101579831
RectTransform:
  m_ObjectHideFlags: 0
  m_CorrespondingSourceObject: {fileID: 0}
  m_PrefabInstance: {fileID: 0}
  m_PrefabAsset: {fileID: 0}
  m_GameObject: {fileID: 2101579830}
  m_LocalRotation: {x: 0, y: 0, z: 0, w: 1}
  m_LocalPosition: {x: 0, y: 0, z: 0}
  m_LocalScale: {x: 1, y: 1, z: 1}
  m_Children: []
  m_Father: {fileID: 1013196987}
  m_RootOrder: 1
  m_LocalEulerAnglesHint: {x: 0, y: 0, z: 0}
  m_AnchorMin: {x: 0.5, y: 0.5}
  m_AnchorMax: {x: 0.5, y: 0.5}
  m_AnchoredPosition: {x: 22.1, y: -26.6}
  m_SizeDelta: {x: 45, y: 45}
  m_Pivot: {x: 0.5, y: 0.5}
--- !u!114 &2101579832
MonoBehaviour:
  m_ObjectHideFlags: 0
  m_CorrespondingSourceObject: {fileID: 0}
  m_PrefabInstance: {fileID: 0}
  m_PrefabAsset: {fileID: 0}
  m_GameObject: {fileID: 2101579830}
  m_Enabled: 1
  m_EditorHideFlags: 0
  m_Script: {fileID: 11500000, guid: fe87c0e1cc204ed48ad3b37840f39efc, type: 3}
  m_Name: 
  m_EditorClassIdentifier: 
  m_Material: {fileID: 0}
  m_Color: {r: 1, g: 1, b: 1, a: 1}
  m_RaycastTarget: 1
  m_OnCullStateChanged:
    m_PersistentCalls:
      m_Calls: []
  m_Sprite: {fileID: -2064859774160998932, guid: 8648791053424414482d68b34b7ea31d,
    type: 3}
  m_Type: 0
  m_PreserveAspect: 0
  m_FillCenter: 1
  m_FillMethod: 4
  m_FillAmount: 1
  m_FillClockwise: 1
  m_FillOrigin: 0
  m_UseSpriteMesh: 0
  m_PixelsPerUnitMultiplier: 1
--- !u!222 &2101579833
CanvasRenderer:
  m_ObjectHideFlags: 0
  m_CorrespondingSourceObject: {fileID: 0}
  m_PrefabInstance: {fileID: 0}
  m_PrefabAsset: {fileID: 0}
  m_GameObject: {fileID: 2101579830}
  m_CullTransparentMesh: 0
